Timestamp,Source IP,Destination IP,Source Port,Destination Port,Packet Size (bytes),Packet Rate (pps),Connection Duration (seconds),Protocol,Request Type,Anomaly Score,Attack Type
2023-10-01 19:02:39.667983399,86.235.78.88,244.46.115.144,46883,143,256,286,7,SCTP,PUT,0.03,Normal
2023-10-01 20:31:35.134756737,233.8.230.194,179.1.209.56,29521,21,4096,496,24,TCP,ACK,0.46,Normal
2023-10-01 13:53:41.621081054,185.211.190.65,116.56.150.120,46892,443,2048,109,5,UDP,ACK,0.69,Normal
2023-10-01 23:08:59.126956347,60.157.36.32,30.35.215.189,35109,254,768,471,17,ICMP,POST,0.26,Normal
2023-10-01 12:45:47.657382869,154.213.110.197,126.202.23.198,28582,8080,512,324,1,SCTP,ACK,0.53,Normal
2023-10-01 13:45:07.515375768,27.58.158.84,246.193.178.137,1529,22,2048,425,28,ICMP,ACK,0.9,Botnet
2023-10-01 22:30:23.491174558,140.214.110.162,91.182.250.64,27506,8081,128,345,28,UDP,DELETE,0.55,Normal
2023-10-01 13:36:16.128806440,65.176.195.98,158.166.16.198,65118,80,512,64,8,SCTP,POST,0.01,DDoS
2023-10-02 03:51:10.053502675,163.80.164.217,225.125.208.69,24019,443,256,482,15,IGMP,SYN,0.11,Normal
2023-10-01 22:17:21.532076603,52.250.24.235,202.28.211.155,16937,3306,768,260,5,UDP,POST,0.21,Normal
2023-10-02 04:40:29.401470073,76.240.59.38,187.106.213.156,6853,21,768,56,7,SCTP,PUT,0.03,Normal
2023-10-02 10:01:11.643582179,51.135.220.73,43.45.181.42,56481,21,1024,491,17,SCTP,PUT,0.16,Normal
2023-10-01 20:19:07.737386869,234.17.138.80,31.159.122.57,19169,53,512,493,24,ICMP,DELETE,0.79,Botnet
2023-10-02 07:42:52.508625431,211.148.207.198,165.96.25.47,21205,25,64,345,24,SCTP,PATCH,0.72,Botnet
2023-10-01 22:33:42.221111055,240.227.241.224,192.164.35.76,61174,139,512,223,1,UDP,ACK,0.29,DDoS
2023-10-02 02:58:31.975598779,186.209.227.69,243.132.184.210,36766,25,128,193,11,TCP,GET,0.64,Normal
2023-10-01 16:01:12.723636181,237.143.148.177,143.66.243.4,5746,80,128,484,1,SCTP,PATCH,0.9,DDoS
2023-10-02 10:55:16.125806290,123.196.140.126,243.149.149.17,58949,5432,256,468,19,IGMP,DELETE,0.68,Normal
2023-10-02 01:57:45.713285664,100.149.228.107,174.233.167.77,59002,25,1024,428,14,TCP,POST,0.93,Botnet
2023-10-02 08:09:56.909845492,78.252.99.111,79.144.162.74,32658,25,4096,352,15,TCP,SYN,0.65,Normal
2023-10-01 17:28:33.145657282,187.88.66.120,183.30.254.196,7472,443,64,490,22,IGMP,ACK,0.46,Normal
2023-10-01 18:46:10.338516925,50.17.89.134,107.103.52.57,4345,445,2048,62,9,SCTP,PATCH,0.57,Normal
2023-10-01 21:36:53.570678533,71.23.146.103,113.134.80.244,18361,3306,256,120,29,ICMP,PUT,0.99,Normal
2023-10-02 08:50:59.432971648,92.22.53.128,74.102.55.77,7033,8080,768,78,11,UDP,DELETE,0.48,Normal
2023-10-01 19:33:20.080004000,202.5.103.180,184.249.43.145,64178,25,2048,66,16,ICMP,GET,0.56,Normal
2023-10-01 15:23:54.851742587,138.151.212.214,91.121.172.185,23136,21,768,133,11,TCP,PATCH,0.84,Normal
2023-10-01 17:31:25.954297714,17.229.74.125,215.208.0.25,39091,21,512,276,4,TCP,GET,0.13,Normal
2023-10-01 12:47:14.061703085,248.206.87.168,242.32.56.188,64903,23,768,142,29,IGMP,PUT,0.43,Normal
2023-10-02 11:15:25.786289314,160.190.24.138,112.44.59.141,42363,25,128,475,11,UDP,PUT,0.63,Botnet
2023-10-02 00:28:45.926296314,44.142.180.114,170.99.69.232,8734,3389,256,415,14,UDP,POST,0.21,Normal
2023-10-01 12:19:09.177458872,155.113.60.194,4.9.246.103,40453,143,64,442,15,UDP,DELETE,0.4,Normal
2023-10-01 17:14:17.742887144,131.112.246.196,47.112.222.212,30376,443,128,225,29,TCP,GET,0.99,Normal
2023-10-01 23:52:24.217210860,133.97.176.123,65.126.11.106,58632,3389,128,296,4,ICMP,DELETE,0.05,Normal
2023-10-02 10:31:30.454522726,118.52.18.249,228.70.47.93,34903,143,4096,379,3,TCP,ACK,0.9,DDoS
2023-10-02 08:27:31.042552127,98.40.52.79,185.196.224.43,29909,5432,128,109,15,UDP,PUT,0.68,Normal
2023-10-02 02:05:27.976398819,9.30.76.186,248.68.224.163,22290,443,512,125,21,SCTP,GET,0.73,Botnet
2023-10-01 13:16:15.108755437,90.79.26.196,64.200.199.210,29830,8080,128,171,3,ICMP,DELETE,0.69,DDoS
2023-10-01 23:19:55.799789989,250.20.99.163,148.205.61.159,22387,53,1024,499,26,SCTP,GET,0.08,Normal
2023-10-01 16:13:09.879493974,88.233.96.85,247.193.76.63,24051,445,4096,405,11,ICMP,SYN,0.2,Normal
2023-10-02 05:06:37.639881994,123.84.27.182,143.107.244.154,25707,110,64,349,14,TCP,ACK,0.97,Normal
2023-10-02 01:08:13.404670233,168.109.166.181,30.72.3.183,50941,254,4096,195,24,UDP,POST,0.09,Botnet
2023-10-02 03:19:03.237161858,212.84.249.211,184.63.140.74,4668,139,1024,278,15,UDP,DELETE,0.79,Normal
2023-10-02 07:48:51.086554327,192.176.75.2,159.41.44.170,25211,143,4096,136,21,IGMP,ACK,0.36,Normal
2023-10-02 00:35:10.425521276,43.159.109.105,200.114.1.40,54654,445,64,201,22,IGMP,ACK,0.62,Normal
2023-10-02 01:02:36.427821391,163.3.47.112,201.106.154.163,5663,23,768,485,17,ICMP,ACK,0.85,Botnet
2023-10-01 21:28:32.425621281,113.96.171.24,223.153.82.194,1825,53,4096,461,4,SCTP,SYN,0.86,DDoS
2023-10-01 23:46:38.599929996,109.211.47.13,3.25.47.253,6037,8080,1024,239,3,UDP,POST,0.23,Normal
2023-10-01 16:14:36.283814190,208.148.207.96,153.152.73.194,4118,443,512,460,13,UDP,ACK,0.97,Normal
2023-10-01 13:48:43.526176308,60.226.153.23,34.44.252.202,65105,21,768,468,6,UDP,ACK,0.1,Normal
2023-10-02 04:40:46.682334116,94.175.188.117,238.234.134.82,30961,3389,768,67,23,UDP,GET,0.79,Botnet
2023-10-01 20:49:35.188759437,100.238.69.202,1.231.70.248,55713,80,2048,379,27,TCP,PUT,0.74,Normal
2023-10-02 05:08:55.886794339,17.79.140.232,108.45.186.6,16260,21,512,462,8,ICMP,ACK,0.11,Botnet
2023-10-02 07:19:37.078853942,61.65.247.98,252.30.205.22,20624,445,64,136,21,TCP,DELETE,0.18,Normal
2023-10-01 14:27:01.881094054,17.210.211.75,110.178.192.31,46846,445,768,222,20,TCP,ACK,0.46,Normal
2023-10-02 05:26:12.738636931,147.211.124.0,73.129.26.195,16925,3306,128,458,15,SCTP,PUT,0.82,Normal
2023-10-02 06:48:35.065753287,151.241.207.178,222.223.165.253,12543,443,2048,163,27,SCTP,PATCH,0.63,Normal
2023-10-01 19:36:08.568428421,192.5.142.2,120.59.9.215,37337,3306,768,241,7,SCTP,GET,0.14,Normal
2023-10-02 01:19:14.397719885,81.206.124.135,227.79.58.236,43658,3389,4096,342,26,ICMP,PATCH,0.48,Normal
2023-10-02 00:15:26.686334316,75.203.3.246,151.247.167.76,2206,8080,1024,300,20,TCP,ACK,0.06,Normal
2023-10-02 06:10:12.390619530,101.198.165.217,73.35.34.179,45439,110,1024,248,29,UDP,SYN,0.97,DDoS
2023-10-02 07:35:18.885944297,40.124.142.72,222.138.242.224,53518,8081,64,320,19,ICMP,ACK,0.17,Normal
2023-10-01 17:20:07.680384019,213.224.5.187,208.52.146.177,36009,53,64,272,25,SCTP,POST,0.08,Normal
2023-10-02 11:32:29.677483874,51.149.96.67,214.10.106.113,22369,443,64,70,1,UDP,ACK,0.1,Normal
2023-10-01 20:11:38.434921746,149.58.95.142,32.58.156.183,12284,3389,4096,314,17,TCP,DELETE,0.51,Normal
2023-10-02 08:07:08.421421071,69.111.29.135,160.208.253.74,45276,25,512,257,21,SCTP,SYN,0.01,DDoS
2023-10-02 00:29:59.369968498,138.13.126.1,27.243.121.244,55659,995,256,120,17,ICMP,PUT,0.01,Normal
2023-10-02 07:10:24.091204560,18.159.75.170,172.110.14.7,22318,21,128,127,15,TCP,PUT,0.9,Normal
2023-10-02 03:52:45.098254912,174.95.15.49,131.51.118.62,24595,5432,768,296,19,TCP,POST,0.33,Normal
2023-10-02 04:00:57.602880144,134.33.205.55,150.4.93.229,39492,23,64,243,7,SCTP,ACK,0.42,Normal
2023-10-01 19:08:46.886344317,177.162.238.41,46.160.186.251,60593,8081,256,325,6,IGMP,PATCH,0.15,Normal
2023-10-01 19:06:19.998999949,198.5.77.168,170.165.170.82,34367,23,768,261,18,SCTP,PATCH,0.23,Botnet
2023-10-01 12:47:35.662783139,235.199.6.126,98.33.20.177,2915,995,512,406,26,ICMP,SYN,0.91,Normal
2023-10-01 13:45:50.717535876,241.53.79.59,82.75.24.174,52109,3306,768,58,6,TCP,SYN,0.31,Normal
2023-10-01 16:51:41.195059752,146.209.49.8,87.232.131.144,13811,443,4096,94,4,TCP,GET,0.22,DDoS
2023-10-01 13:28:42.506125306,64.230.141.177,240.85.12.252,63570,443,64,55,27,TCP,ACK,0.02,Normal
2023-10-02 05:05:50.117505875,133.164.224.242,188.83.173.101,56444,254,2048,391,11,UDP,POST,0.2,Normal
2023-10-01 23:58:57.356867843,211.44.231.138,250.90.147.26,27590,80,512,353,3,ICMP,ACK,0.97,DDoS
2023-10-01 13:51:06.093304665,236.134.93.23,177.97.234.163,40537,25,4096,405,2,UDP,GET,0.91,Botnet
2023-10-02 06:38:47.516375818,108.67.156.31,191.124.113.195,26915,445,1024,109,19,UDP,PATCH,0.51,Normal
2023-10-01 17:49:51.929596479,189.183.144.67,153.232.62.108,44995,21,256,347,12,SCTP,SYN,0.64,Normal
2023-10-01 14:47:50.423521176,78.226.101.129,63.20.153.227,51120,8080,512,217,12,UDP,SYN,0.36,Normal
2023-10-01 19:59:02.397119855,249.48.217.30,151.60.231.233,58907,80,128,160,14,ICMP,PATCH,0.02,Normal
2023-10-02 02:25:03.075153757,134.224.131.139,33.149.243.230,18889,23,2048,280,20,ICMP,POST,0.99,Botnet
2023-10-02 01:51:16.893844692,233.30.179.213,67.243.150.143,17300,80,128,131,24,IGMP,SYN,0.33,DDoS
2023-10-02 08:01:27.124356217,103.77.227.109,126.64.161.94,63305,443,1024,322,15,UDP,GET,0.37,Normal
2023-10-01 17:56:12.108605430,118.178.94.198,171.243.118.234,9088,23,1024,480,2,ICMP,POST,0.37,Normal
2023-10-01 20:50:27.031351567,130.135.78.74,86.65.102.7,49513,23,1024,60,25,UDP,DELETE,0.15,Normal
2023-10-01 16:30:35.371768588,110.16.74.144,77.174.193.189,1220,254,1024,383,23,TCP,DELETE,0.14,Normal
2023-10-01 12:52:07.836391819,220.54.87.245,147.204.237.124,43899,143,768,147,11,SCTP,PUT,0.09,Normal
2023-10-01 18:00:09.720486024,184.69.21.163,103.30.185.220,18985,3306,2048,193,12,UDP,PUT,0.26,DDoS
2023-10-01 12:37:35.152757637,167.115.158.131,200.241.27.106,34717,21,2048,384,17,SCTP,DELETE,0.88,Normal
2023-10-02 11:14:55.544777238,52.168.138.222,51.232.95.20,20569,8081,4096,122,21,ICMP,SYN,0.1,DDoS
2023-10-02 04:49:25.108255412,252.212.157.152,109.28.44.149,35769,5432,1024,91,12,ICMP,DELETE,0.34,Botnet
2023-10-01 15:00:48.062403120,43.78.159.47,244.52.221.116,14271,995,2048,162,28,UDP,POST,0.12,Normal
2023-10-02 00:52:44.558227911,252.239.223.205,151.131.153.67,31893,8080,1024,398,23,ICMP,DELETE,0.28,DDoS
2023-10-01 23:02:04.386219310,199.3.187.78,248.139.136.60,43543,995,64,169,12,TCP,ACK,0.11,Botnet
2023-10-01 12:21:05.823291164,27.218.21.202,61.6.67.224,15563,8080,256,232,21,TCP,SYN,0.55,Normal
2023-10-01 22:46:44.180209010,236.116.248.150,110.24.170.12,52375,80,1024,146,19,SCTP,GET,0.51,Normal
2023-10-01 14:16:48.410420521,103.138.2.240,195.118.36.226,50431,53,256,368,22,ICMP,PUT,0.73,Normal
2023-10-01 20:52:58.238911945,112.181.54.181,114.30.168.142,13286,21,1024,236,18,SCTP,DELETE,0.11,Normal
2023-10-01 22:31:19.653982699,35.185.141.144,226.6.106.247,11606,25,512,411,29,TCP,POST,0.03,Normal
2023-10-01 19:15:32.986649332,95.138.175.38,148.103.17.204,30055,443,256,90,18,IGMP,SYN,1.0,Normal
2023-10-02 04:09:10.107505375,85.206.65.130,150.141.64.140,53718,443,256,287,12,IGMP,ACK,0.21,Normal
2023-10-01 18:54:01.242062103,248.14.98.91,42.40.25.246,59661,443,768,276,29,IGMP,PUT,0.95,Normal
2023-10-01 22:00:30.601530076,86.249.247.108,184.202.127.228,4547,254,512,309,17,TCP,PUT,0.14,Normal
2023-10-02 00:14:52.124606230,110.168.193.138,31.22.136.119,44259,23,256,477,23,UDP,PUT,0.4,Normal
2023-10-01 22:43:16.809840492,249.73.217.203,212.111.18.213,48153,23,2048,285,15,SCTP,POST,0.51,Botnet
2023-10-01 20:35:28.426421321,89.100.113.17,9.1.183.150,57380,25,512,171,15,TCP,DELETE,0.54,Normal
2023-10-01 23:22:44.288214410,206.230.243.205,240.165.183.134,1041,80,128,334,5,UDP,SYN,0.47,Botnet
2023-10-01 23:03:30.790539526,78.208.28.30,2.95.28.159,45419,22,64,340,27,ICMP,GET,0.59,Botnet
2023-10-01 12:31:27.934396719,59.62.100.155,220.240.78.36,40626,80,256,69,11,ICMP,PUT,0.54,Normal
2023-10-01 20:17:54.293714685,32.5.92.147,169.169.123.131,29922,443,512,244,11,ICMP,SYN,0.11,Normal
2023-10-02 08:57:41.213060653,104.77.76.245,252.78.228.112,44004,254,4096,384,7,TCP,DELETE,0.24,Normal
2023-10-02 04:53:44.321216060,166.34.207.184,154.236.123.3,59153,443,64,497,12,IGMP,PUT,0.82,Normal
2023-10-02 05:05:06.915345767,185.91.247.72,27.11.221.50,62443,25,2048,342,21,SCTP,PUT,0.72,Botnet
2023-10-02 07:16:31.309565478,72.83.89.14,199.51.235.116,2571,445,2048,321,19,UDP,ACK,0.5,Normal
2023-10-02 08:03:41.051052552,158.40.254.59,178.169.163.55,9998,53,4096,343,8,SCTP,SYN,0.96,DDoS
2023-10-01 15:04:54.314715735,119.47.136.60,234.126.205.53,45578,25,256,225,6,TCP,ACK,0.03,Normal
2023-10-01 16:20:47.822391119,23.188.171.10,92.232.159.236,41017,8081,256,104,5,SCTP,SYN,0.95,Normal
2023-10-02 03:16:57.950897544,4.235.194.164,130.228.137.186,44829,8081,2048,146,2,IGMP,DELETE,0.34,Normal
2023-10-01 15:05:54.797739886,116.44.3.41,64.73.9.18,15475,110,1024,92,2,ICMP,PATCH,0.83,Normal
2023-10-02 00:22:12.786639331,212.52.250.197,238.36.18.27,11689,445,64,161,18,TCP,PATCH,0.66,Normal
2023-10-01 16:41:32.044602230,49.19.184.175,161.237.126.181,42356,21,256,217,15,ICMP,SYN,0.64,Botnet
2023-10-01 21:53:01.299064953,155.53.179.199,179.102.189.122,15195,3306,1024,287,3,TCP,SYN,0.38,Normal
2023-10-02 08:22:45.908295414,156.14.203.77,30.2.106.68,29631,139,256,465,21,ICMP,DELETE,0.37,Normal
2023-10-02 02:10:08.790439521,25.57.220.132,97.125.30.165,5513,53,768,407,8,IGMP,ACK,0.64,DDoS
2023-10-01 20:41:01.083054152,43.156.68.192,45.36.128.115,57609,143,1024,269,18,UDP,SYN,0.04,Normal
2023-10-01 22:01:22.444122206,22.196.158.17,68.208.224.175,17699,5432,64,209,18,SCTP,ACK,0.61,Normal
2023-10-02 04:35:57.227861393,12.152.65.124,118.44.200.182,2012,8080,64,352,12,UDP,POST,0.12,DDoS
2023-10-02 08:25:47.357367868,202.224.70.239,176.229.121.137,9989,80,512,293,8,ICMP,SYN,0.34,Normal
2023-10-01 14:24:22.033101655,7.82.52.81,148.55.212.116,37191,139,128,309,2,SCTP,PUT,0.31,Normal
2023-10-02 06:29:38.848942447,11.131.145.246,112.126.242.76,55020,110,512,191,29,UDP,ACK,0.67,Normal
2023-10-02 03:30:34.471723586,12.151.198.22,232.50.100.228,45170,3306,1024,122,11,UDP,DELETE,0.08,Normal
2023-10-02 07:29:37.588879443,216.125.135.85,44.181.60.46,10106,143,2048,487,28,ICMP,PUT,0.33,Normal
2023-10-01 22:53:21.640082004,76.212.242.23,47.84.184.90,41838,139,64,128,13,TCP,DELETE,0.7,DDoS
2023-10-02 04:12:15.876793839,21.197.153.9,31.26.95.189,15266,25,1024,345,3,IGMP,ACK,0.67,DDoS
2023-10-01 12:10:00.510025501,58.171.89.199,140.233.30.72,64844,53,512,63,18,ICMP,ACK,0.99,Normal
2023-10-01 20:55:33.766688334,178.109.66.234,5.244.158.179,27681,110,4096,194,25,ICMP,PATCH,0.87,Normal
2023-10-01 14:11:11.433571678,33.209.55.141,114.24.208.227,11736,254,64,459,11,UDP,POST,0.91,Normal
2023-10-02 04:01:40.805040252,114.137.232.200,22.1.245.120,3132,110,128,409,28,IGMP,ACK,0.69,Normal
2023-10-01 17:17:40.793039651,136.221.90.98,140.35.129.99,60740,80,2048,407,24,TCP,DELETE,0.6,Normal
2023-10-02 08:57:06.651332566,2.175.231.109,150.67.118.86,58945,443,128,481,8,SCTP,DELETE,0.01,Normal
2023-10-02 01:57:02.511125556,210.43.131.233,60.191.4.162,3855,25,512,50,12,TCP,GET,0.91,Botnet
2023-10-01 18:53:56.921846092,230.227.237.199,134.17.249.117,38353,110,512,444,24,UDP,ACK,0.92,Normal
2023-10-02 00:16:01.248062403,152.80.34.23,144.235.20.104,9389,22,64,154,13,UDP,PUT,0.6,Normal
2023-10-02 11:42:56.108805440,129.145.169.207,230.221.199.215,5049,3389,256,201,21,SCTP,ACK,0.96,Normal
2023-10-01 19:37:22.012100605,183.51.24.39,171.165.24.110,52053,143,768,345,27,UDP,PATCH,0.62,Normal
2023-10-02 10:52:36.277813890,119.248.218.198,102.216.89.177,19556,21,768,499,28,ICMP,PATCH,0.99,Normal
2023-10-01 12:50:54.392719635,225.141.143.67,238.60.64.92,51710,25,256,249,24,UDP,GET,0.24,Normal
2023-10-02 04:52:13.596679833,126.18.173.67,12.69.9.121,43351,53,256,465,23,ICMP,ACK,0.42,Normal
2023-10-02 07:48:16.524826241,162.161.228.210,150.200.97.38,44412,3389,256,308,12,ICMP,PATCH,0.11,Normal
2023-10-01 19:22:32.047602380,30.70.108.149,68.78.239.205,33520,21,4096,394,8,UDP,DELETE,0.67,DDoS
2023-10-02 10:20:16.500825041,254.89.247.162,185.111.191.127,45171,53,64,315,3,IGMP,PUT,0.42,Normal
2023-10-01 14:45:49.457472873,241.160.161.25,144.117.232.213,35490,22,64,185,10,SCTP,PUT,0.9,Normal
2023-10-02 05:12:44.858242912,132.186.163.132,122.163.136.209,45807,23,512,431,20,TCP,PUT,0.68,DDoS
2023-10-01 12:48:49.106455322,199.68.185.115,217.83.141.191,22084,143,768,481,21,IGMP,GET,0.51,Normal
2023-10-01 12:54:00.162008100,65.12.110.127,108.89.0.13,11440,139,1024,132,15,TCP,GET,0.79,Normal
2023-10-01 13:24:36.253812690,216.247.18.207,230.17.28.230,52962,5432,128,482,28,ICMP,PATCH,0.24,Normal
2023-10-01 23:32:01.596079803,193.27.238.5,192.209.25.209,14149,3389,2048,452,15,UDP,DELETE,0.57,Normal
2023-10-02 09:03:13.869693484,237.253.212.140,86.115.52.87,31634,22,64,335,17,IGMP,PATCH,0.89,Normal
2023-10-02 09:27:34.102705135,42.55.128.140,152.250.178.189,51014,23,1024,214,4,TCP,SYN,0.86,Botnet
2023-10-02 11:21:58.925946297,45.218.31.189,248.96.118.243,62202,3389,512,473,5,IGMP,ACK,0.2,Botnet
2023-10-02 10:59:52.619630981,193.6.207.33,44.197.155.194,27624,21,2048,153,16,IGMP,GET,0.36,Normal
2023-10-02 01:37:23.092154607,119.88.85.166,102.73.115.244,63831,139,768,98,11,TCP,DELETE,0.58,DDoS
2023-10-01 18:15:38.566928346,94.98.215.183,182.58.42.170,43574,25,64,474,19,IGMP,DELETE,0.55,DDoS
2023-10-01 14:00:45.002250112,210.174.237.203,232.26.215.113,55401,21,128,271,2,TCP,SYN,0.47,Normal
2023-10-02 05:39:49.259462973,192.12.173.217,170.76.1.62,49011,8081,1024,134,20,IGMP,DELETE,0.26,Botnet
2023-10-02 01:15:34.066703335,88.161.66.72,242.242.156.192,14837,25,2048,75,1,TCP,POST,0.6,DDoS
2023-10-01 14:44:10.092504625,85.131.17.232,42.24.227.213,50004,25,128,285,10,TCP,ACK,0.48,Botnet
2023-10-02 08:32:37.777888894,198.188.184.147,195.4.201.218,18891,5432,4096,222,15,ICMP,PATCH,0.49,Normal
2023-10-01 12:34:29.383469173,87.115.29.102,221.243.164.92,11161,53,256,199,24,IGMP,POST,0.88,Normal
2023-10-01 18:59:46.859342967,254.221.207.246,156.130.174.74,51131,21,768,367,3,TCP,POST,0.51,DDoS
2023-10-01 17:48:16.884844242,65.126.252.211,17.87.243.251,39065,21,2048,184,1,IGMP,GET,0.46,Normal
2023-10-02 00:07:44.423221161,102.25.61.105,36.154.147.25,23904,8080,512,486,12,TCP,ACK,0.59,Normal
2023-10-01 21:40:59.822991149,231.138.244.148,52.226.119.119,28270,995,256,83,24,IGMP,POST,0.93,DDoS
2023-10-02 04:45:01.575078753,171.160.175.18,134.7.70.149,9660,25,256,111,17,IGMP,SYN,0.35,Normal
2023-10-02 04:23:25.510275513,225.32.244.136,174.10.40.112,24994,3306,512,205,27,SCTP,PATCH,0.19,Normal
2023-10-02 08:09:05.067253362,195.109.71.233,142.55.145.153,63693,995,512,63,14,ICMP,PUT,0.08,Normal
2023-10-02 10:09:54.389719485,148.82.9.26,136.137.202.216,33078,254,4096,292,12,ICMP,SYN,0.93,Botnet
2023-10-01 23:12:56.738836941,47.41.213.254,53.136.76.173,49584,995,2048,439,25,ICMP,SYN,0.68,Normal
2023-10-02 02:24:50.114505725,141.167.82.241,245.249.156.145,15021,23,2048,424,15,IGMP,SYN,0.05,Normal
2023-10-02 04:32:38.497924896,68.254.201.32,57.109.165.134,14767,21,256,413,7,ICMP,SYN,0.14,Normal
2023-10-02 07:28:11.184559227,3.235.87.23,133.91.143.25,44922,22,1024,105,3,UDP,SYN,0.2,Normal
2023-10-02 10:40:04.560228011,65.124.122.13,158.15.86.135,36997,23,768,51,13,TCP,ACK,0.34,Normal
2023-10-02 06:47:21.622081104,166.86.75.75,163.250.223.44,19532,5432,256,64,6,IGMP,PUT,0.34,Normal
2023-10-02 11:27:05.661283064,85.218.199.142,184.50.223.89,38414,8080,768,372,23,IGMP,DELETE,0.38,Botnet
2023-10-02 08:59:03.297164858,178.252.166.176,219.247.30.114,8265,8080,128,333,12,SCTP,PATCH,0.22,Normal
2023-10-01 14:32:25.897294864,189.162.192.183,39.176.128.245,2175,254,256,164,8,TCP,DELETE,0.61,Normal
2023-10-01 18:40:16.080804040,79.131.245.132,203.240.84.14,6913,143,256,416,20,ICMP,GET,0.34,Normal
2023-10-02 05:52:12.336616830,11.115.2.226,30.198.204.219,4965,443,64,374,2,TCP,SYN,0.31,Normal
2023-10-02 10:32:39.577978898,222.1.114.57,10.100.89.244,44159,53,4096,223,26,TCP,GET,0.42,Normal
2023-10-02 10:52:27.637381869,227.202.248.68,201.142.244.61,55507,53,128,84,8,SCTP,PUT,0.24,Normal
2023-10-01 15:51:38.134906745,221.190.72.234,97.162.154.71,14109,139,1024,71,18,IGMP,DELETE,0.85,Normal
2023-10-01 18:11:40.955047752,28.134.90.121,241.195.126.43,7401,8080,1024,121,15,SCTP,PATCH,0.51,Normal
2023-10-02 02:15:41.447072353,123.250.157.59,62.106.134.30,11851,445,256,439,28,SCTP,ACK,0.83,Normal
2023-10-01 18:43:13.209660483,42.201.224.164,60.187.8.231,39343,254,64,420,18,UDP,POST,0.36,DDoS
2023-10-01 13:33:23.320166008,30.54.193.100,71.56.234.65,23494,995,2048,307,24,ICMP,PATCH,0.18,Botnet
2023-10-01 17:28:24.505225261,203.84.235.147,172.230.35.134,63800,443,512,355,24,IGMP,GET,0.05,Normal
2023-10-01 23:58:05.514275713,210.59.30.174,210.54.15.185,2885,8080,4096,348,20,ICMP,GET,0.98,Normal
2023-10-01 20:10:29.311465573,240.39.102.59,240.59.185.95,45387,443,512,226,23,ICMP,DELETE,0.25,Botnet
2023-10-02 05:00:00.180009000,72.241.31.146,108.249.211.229,6620,21,256,330,11,ICMP,ACK,0.1,Botnet
2023-10-02 05:00:26.101305065,13.52.145.70,254.40.95.130,51130,8080,128,252,25,UDP,ACK,0.1,Normal
2023-10-01 19:37:56.573828691,141.31.3.56,181.120.47.95,45920,254,768,318,22,ICMP,SYN,0.81,Normal
2023-10-02 06:12:09.036451822,124.144.83.247,125.0.250.100,20817,143,2048,56,3,IGMP,ACK,0.15,Normal
2023-10-01 23:26:24.619230961,246.120.17.75,233.153.15.184,20306,53,64,424,19,IGMP,PATCH,0.76,Normal
2023-10-01 12:45:21.736086804,187.194.201.135,234.68.167.74,35023,445,128,215,9,TCP,SYN,0.78,DDoS
2023-10-01 17:38:20.695034751,188.44.224.241,198.181.112.223,18689,254,64,183,8,SCTP,PATCH,0.99,Normal
2023-10-02 00:51:05.193259662,55.99.17.26,130.34.33.7,54221,8081,4096,226,18,ICMP,GET,0.6,Botnet
2023-10-02 04:36:01.548077403,79.153.236.132,158.72.122.127,14916,445,4096,195,13,IGMP,SYN,0.53,Normal
2023-10-01 12:01:43.685184259,178.82.176.28,94.30.131.140,24905,995,768,386,12,UDP,PUT,0.68,Normal
2023-10-02 06:24:14.832741637,76.137.145.131,252.1.204.9,2573,5432,256,416,8,SCTP,ACK,0.47,Normal
2023-10-01 19:10:56.492824641,152.190.199.246,4.121.183.122,12110,443,64,57,22,ICMP,DELETE,0.07,Normal
2023-10-01 20:03:34.570728536,11.77.241.144,56.34.244.2,18314,22,2048,291,10,TCP,ACK,0.21,Normal
2023-10-01 15:26:30.379518975,202.192.75.42,18.36.148.46,53219,8081,256,169,15,IGMP,POST,0.22,Normal
2023-10-01 18:10:40.472023601,200.20.182.182,163.90.175.83,54017,443,1024,146,18,IGMP,POST,0.28,DDoS
2023-10-01 19:28:47.906395319,183.90.147.46,249.33.246.153,58127,80,256,193,8,SCTP,GET,0.8,DDoS
2023-10-02 06:33:06.219310965,213.56.197.65,158.185.82.54,33735,25,512,454,29,UDP,POST,0.24,Normal
2023-10-02 09:49:53.369668483,195.179.245.95,29.3.190.178,32166,25,64,487,15,ICMP,POST,0.32,Normal
2023-10-01 18:43:52.091604580,52.92.185.34,172.5.79.152,1484,23,2048,476,9,IGMP,PUT,0.41,DDoS
2023-10-02 08:46:27.259362968,42.12.63.226,151.1.14.140,31318,21,4096,254,15,TCP,SYN,0.73,Normal
2023-10-01 23:53:46.301315065,125.37.139.218,176.17.69.169,64879,8081,256,284,4,SCTP,GET,0.63,DDoS
2023-10-01 22:32:37.417870893,54.31.229.132,59.219.104.50,18309,8080,4096,271,3,IGMP,ACK,0.66,DDoS
2023-10-02 03:34:10.482524126,214.180.31.182,83.12.111.191,62027,8081,512,172,15,SCTP,PATCH,0.32,Normal
2023-10-02 08:45:39.736986849,27.5.119.113,87.26.17.252,18760,21,768,198,6,ICMP,SYN,0.94,Normal
2023-10-02 02:43:42.011100555,172.125.192.21,40.31.160.157,48941,22,512,465,11,ICMP,DELETE,0.89,Normal
2023-10-02 02:25:20.356017800,203.68.121.11,68.36.121.123,1949,22,2048,469,7,ICMP,ACK,0.16,Normal
2023-10-01 21:01:49.625481274,196.72.213.186,29.142.185.26,33920,3389,1024,85,15,SCTP,PATCH,0.21,Normal
2023-10-02 01:23:03.369168458,182.125.187.103,222.20.204.100,57635,445,1024,420,6,IGMP,PATCH,0.59,Normal
2023-10-01 17:34:14.442722136,89.187.229.48,138.201.25.126,22557,8080,768,207,13,IGMP,PUT,0.55,Botnet
2023-10-01 14:02:33.007650382,59.143.122.28,25.154.247.241,23420,3389,128,282,11,SCTP,PUT,0.23,Normal
2023-10-02 00:40:30.121506075,110.140.145.245,244.243.78.96,29966,21,256,298,5,SCTP,DELETE,0.21,Normal
2023-10-01 14:48:12.024601230,115.170.233.250,207.43.83.246,3026,21,4096,94,24,SCTP,GET,0.03,Normal
2023-10-01 22:51:03.393169658,123.254.249.102,107.135.156.130,33495,80,256,452,19,TCP,ACK,0.92,Normal
2023-10-01 20:06:23.059152957,253.189.103.133,77.112.248.44,5320,53,64,476,5,TCP,GET,0.23,Normal
2023-10-01 14:20:15.780789039,74.192.125.83,211.2.55.158,25401,25,768,273,12,IGMP,GET,0.11,Botnet
2023-10-01 22:10:22.471123556,196.126.103.19,193.136.204.77,46258,143,128,456,25,IGMP,GET,0.46,Normal
2023-10-01 16:37:56.033801690,169.95.148.212,227.227.51.47,50137,8081,768,76,2,UDP,PUT,0.65,DDoS
2023-10-02 07:43:18.429921496,42.3.156.184,43.176.180.59,51794,22,128,205,8,TCP,SYN,0.53,Normal
2023-10-02 04:01:45.125256262,57.239.35.132,120.104.231.209,13752,25,256,257,15,TCP,POST,0.12,Normal
2023-10-02 02:16:07.368368418,121.141.57.164,245.234.204.89,36531,139,1024,370,23,SCTP,PUT,0.88,Normal
2023-10-01 20:02:34.087704385,137.50.107.37,240.91.100.162,44835,80,128,233,8,UDP,SYN,0.32,Normal
2023-10-01 22:33:55.181759087,195.223.211.113,116.218.41.62,27263,8081,2048,451,4,TCP,PATCH,0.46,Normal
2023-10-02 10:25:31.876593829,221.127.187.17,9.64.64.79,54237,110,2048,59,1,IGMP,PATCH,0.13,Botnet
2023-10-02 07:15:26.506325316,241.89.240.10,155.3.247.48,18679,143,128,196,25,ICMP,PATCH,0.19,Normal
2023-10-01 17:31:00.033001650,141.216.90.224,208.51.43.205,27903,443,2048,189,17,IGMP,DELETE,0.35,DDoS
2023-10-01 21:31:25.234261713,97.83.197.199,250.4.28.80,60650,21,2048,395,25,TCP,PATCH,0.28,Botnet
2023-10-01 20:50:52.952647632,74.241.249.9,250.217.127.129,62468,143,64,270,18,ICMP,PUT,0.48,Normal
2023-10-01 14:30:55.172758637,41.24.167.61,165.223.109.28,62744,110,128,219,6,IGMP,POST,0.78,DDoS
2023-10-01 14:27:14.841742087,196.74.206.128,191.122.14.91,61391,254,64,63,1,UDP,DELETE,0.88,DDoS
2023-10-02 04:26:57.200860043,60.142.247.186,196.198.37.177,37255,25,256,324,9,IGMP,SYN,0.75,DDoS
2023-10-01 22:48:40.826041302,12.28.93.0,183.109.249.113,28410,143,128,226,18,IGMP,ACK,0.07,Normal
2023-10-02 03:39:25.858292914,123.153.63.31,218.90.166.94,25046,110,256,138,7,ICMP,POST,0.53,Normal
2023-10-01 13:03:13.149657482,190.94.65.197,175.153.186.89,2232,995,128,248,26,TCP,GET,0.96,Botnet
2023-10-02 11:44:35.473773688,179.131.122.207,11.198.71.14,60856,3306,128,194,26,TCP,GET,0.67,Normal
2023-10-01 12:35:42.827141357,130.93.40.175,103.90.72.30,24719,3389,768,319,21,SCTP,DELETE,0.25,Normal
2023-10-01 21:07:09.321466073,57.100.160.103,49.188.98.89,10008,21,128,320,1,UDP,ACK,0.88,DDoS
2023-10-01 15:05:41.837091854,67.248.14.135,105.81.103.167,9415,139,256,451,14,ICMP,PATCH,0.94,Normal
2023-10-01 18:38:10.794539726,135.198.162.212,220.7.175.141,63523,254,128,379,8,TCP,POST,0.92,DDoS
2023-10-01 22:27:17.721886094,102.225.229.152,164.124.235.218,39288,8081,2048,144,14,IGMP,DELETE,0.49,Normal
2023-10-01 23:03:22.150107505,37.49.114.215,47.183.155.119,7166,22,2048,461,26,SCTP,PUT,0.75,Botnet
2023-10-02 02:13:14.559727986,133.42.241.172,124.250.181.122,22897,8080,2048,140,29,ICMP,SYN,0.44,DDoS
2023-10-02 00:35:49.307465373,70.88.211.69,72.26.196.191,36614,22,1024,272,18,ICMP,GET,0.55,Normal
2023-10-02 03:29:16.707835391,41.140.151.233,58.188.150.232,15967,22,2048,346,27,ICMP,SYN,0.45,Normal
2023-10-02 09:21:44.165208260,211.154.4.112,216.206.126.138,62987,53,1024,421,27,ICMP,PATCH,0.48,Normal
2023-10-01 12:11:26.914345717,241.221.75.242,41.102.186.133,44271,143,64,153,5,ICMP,PUT,0.97,Normal
2023-10-01 17:10:54.692734636,225.176.125.117,54.128.70.222,17873,8081,128,142,20,IGMP,ACK,0.86,Normal
2023-10-02 07:18:32.275613780,176.175.226.70,212.153.210.197,14811,80,768,94,3,TCP,SYN,0.42,Botnet
2023-10-01 19:50:06.690334516,78.210.1.103,177.113.189.56,46643,139,64,351,4,TCP,DELETE,0.73,DDoS
2023-10-01 23:46:08.358417920,123.146.15.246,128.1.241.4,37970,8081,256,267,12,SCTP,GET,0.3,Normal
2023-10-02 07:26:27.499374968,43.254.152.244,233.200.72.99,38909,8081,2048,114,19,SCTP,ACK,0.3,Normal
2023-10-01 14:16:57.050852542,82.153.162.214,76.148.38.182,7507,25,256,310,8,UDP,SYN,0.72,DDoS
2023-10-01 18:26:43.880194009,44.187.42.204,115.74.94.198,19438,143,256,423,27,TCP,POST,0.84,Normal
2023-10-01 18:57:24.292214610,117.63.227.120,121.83.115.93,45412,23,2048,310,10,ICMP,ACK,0.28,Normal
2023-10-01 16:44:42.134106705,207.41.129.244,181.61.253.38,9368,22,1024,166,11,SCTP,GET,0.68,Normal
2023-10-01 20:56:25.609280464,205.223.67.243,187.243.220.172,12487,143,2048,403,5,SCTP,ACK,0.52,Normal
2023-10-02 05:58:32.515625781,136.152.229.121,176.254.155.89,47563,8080,1024,182,9,ICMP,GET,0.22,Normal
2023-10-01 17:26:01.938096904,214.12.232.158,86.73.98.111,39442,995,1024,363,9,SCTP,PUT,0.65,DDoS
2023-10-02 09:52:02.976148807,212.24.226.20,100.15.57.111,49952,5432,4096,138,19,ICMP,ACK,0.07,Normal
2023-10-02 05:31:41.075053752,162.99.230.199,213.180.193.151,54175,254,64,243,9,SCTP,ACK,0.0,Normal
2023-10-02 00:19:07.017350867,44.208.49.49,146.233.202.45,5789,21,2048,172,8,SCTP,SYN,0.58,Normal
2023-10-02 05:18:30.475523776,219.103.185.102,132.142.22.62,36098,139,2048,328,22,ICMP,PATCH,0.44,Botnet
2023-10-02 01:48:50.006500325,191.217.191.243,113.75.208.241,37971,254,64,456,11,ICMP,ACK,0.41,Normal
2023-10-01 14:14:17.202860143,91.75.212.43,116.29.185.194,3177,8080,64,257,18,ICMP,PUT,0.32,Normal
2023-10-02 02:59:15.177758887,27.71.232.54,165.142.67.27,59089,25,128,395,21,IGMP,PATCH,0.75,Normal
2023-10-01 19:24:54.614730736,177.182.140.107,129.19.50.43,35522,80,768,208,17,TCP,GET,0.16,Normal
2023-10-01 23:42:45.308265413,121.109.245.72,68.238.169.102,13137,3389,128,77,12,UDP,SYN,0.44,Normal
2023-10-02 10:08:36.625831291,132.94.148.70,64.63.92.173,6560,443,128,115,13,IGMP,SYN,0.07,DDoS
2023-10-02 01:10:23.011150557,83.126.217.239,37.183.129.57,34771,254,64,328,26,IGMP,POST,0.73,Normal
2023-10-01 18:18:01.134056702,54.242.241.208,251.20.170.44,40245,80,128,235,25,UDP,SYN,0.45,Normal
2023-10-02 10:39:12.717635881,32.37.185.151,223.220.55.143,53447,254,256,366,11,SCTP,PATCH,0.26,Normal
2023-10-01 12:04:53.774688734,101.199.243.104,149.211.60.57,47069,3389,768,480,18,SCTP,GET,0.55,Normal
2023-10-02 10:00:02.520126006,232.63.19.3,23.203.0.49,60479,143,512,271,13,UDP,PATCH,0.29,Normal
2023-10-01 14:32:21.577078853,221.19.196.152,191.155.253.150,14686,25,128,132,19,TCP,SYN,0.99,Normal
2023-10-02 08:53:47.921396069,227.207.190.77,30.31.61.57,24466,22,1024,489,26,TCP,PATCH,0.54,Normal
2023-10-02 10:12:55.838791939,216.145.65.19,26.251.158.74,44083,3306,2048,305,26,SCTP,ACK,0.66,Normal
2023-10-02 11:00:57.422871143,247.167.6.19,41.211.77.8,32043,23,4096,53,11,UDP,GET,0.05,Normal
2023-10-02 07:07:52.883644182,115.163.100.78,96.108.39.37,7362,23,256,180,24,TCP,GET,0.51,Botnet
2023-10-02 10:56:25.249262463,35.66.29.250,181.69.173.39,58702,3389,128,409,9,SCTP,SYN,0.37,Normal
2023-10-02 02:36:12.708635431,238.179.20.184,52.39.78.79,61864,23,768,154,27,TCP,PUT,0.11,Normal
2023-10-02 02:01:26.044302215,217.170.206.54,76.99.218.230,59368,53,512,349,1,UDP,POST,0.65,DDoS
2023-10-02 11:36:57.530876543,182.164.130.175,29.114.59.250,12043,22,1024,101,28,ICMP,POST,0.73,Botnet
2023-10-02 02:38:00.714035701,226.53.16.241,11.39.56.149,14985,8080,256,482,13,SCTP,PATCH,0.89,Normal
2023-10-01 13:13:26.620331016,47.57.182.236,235.160.246.205,2260,254,512,187,19,UDP,PUT,0.26,Normal
2023-10-01 20:02:08.166408320,105.49.19.181,122.135.16.123,23283,25,64,469,23,TCP,ACK,0.73,Normal
2023-10-02 07:09:06.327316365,134.138.165.24,18.82.194.109,58839,22,128,314,7,IGMP,ACK,0.13,Normal
2023-10-02 05:20:22.801140057,60.181.103.96,238.11.220.32,1119,139,128,236,12,ICMP,GET,0.67,Normal
2023-10-02 01:34:04.362218110,193.43.70.138,95.67.135.100,47743,143,1024,406,7,UDP,PATCH,0.63,DDoS
2023-10-01 12:44:29.893494674,132.160.31.206,247.103.97.106,48120,25,2048,161,21,SCTP,SYN,0.37,Botnet
2023-10-02 02:18:51.536576828,234.241.236.178,141.222.201.187,63585,21,4096,231,12,ICMP,POST,0.79,Normal
2023-10-01 19:15:28.666433321,174.253.49.62,51.77.48.45,44690,21,512,381,17,IGMP,PUT,0.39,Normal
2023-10-02 00:44:49.334466723,195.226.37.205,27.99.233.204,61305,995,768,473,6,TCP,PUT,0.52,Normal
2023-10-01 23:41:18.903945197,20.76.70.179,87.251.165.37,9048,445,768,298,13,IGMP,SYN,0.07,Normal
2023-10-02 01:35:39.406970348,213.74.245.86,172.220.158.62,48163,53,128,411,28,TCP,POST,0.63,Normal
2023-10-01 16:10:51.632581629,209.147.230.139,27.96.110.34,65271,143,2048,184,24,SCTP,PATCH,0.83,Normal
2023-10-01 15:50:16.050802540,240.226.251.114,152.47.217.166,47238,80,2048,90,18,TCP,POST,0.68,Normal
2023-10-02 11:48:46.046302315,253.101.94.96,124.50.103.145,55912,25,4096,117,20,IGMP,ACK,0.15,Normal
2023-10-02 00:38:42.116105805,32.78.80.135,101.11.215.80,4479,25,768,344,23,TCP,PUT,0.66,Normal
2023-10-02 10:44:23.773188659,159.105.189.241,133.168.94.1,18913,445,128,372,4,IGMP,ACK,0.31,DDoS
2023-10-01 22:58:58.616930846,44.133.5.148,243.133.75.215,32339,110,64,55,14,ICMP,DELETE,0.35,Normal
2023-10-02 05:01:26.584329216,171.134.219.212,109.92.31.66,33714,5432,256,149,16,ICMP,PUT,0.91,Normal
2023-10-02 08:50:33.511675583,117.205.18.76,222.90.241.158,11635,445,512,457,13,ICMP,GET,0.11,Normal
2023-10-01 17:03:38.350917545,220.39.152.249,197.73.188.243,49007,53,768,105,2,ICMP,GET,0.46,Normal
2023-10-02 10:13:52.001600080,103.153.27.111,101.162.206.28,53661,443,128,328,17,SCTP,ACK,0.52,Normal
2023-10-02 05:35:55.967798389,36.229.132.117,25.36.59.93,2514,23,768,111,19,SCTP,PUT,0.4,Normal
2023-10-02 11:10:57.932896644,227.124.71.210,115.115.147.190,38038,5432,768,231,1,ICMP,SYN,0.15,Normal
2023-10-01 14:00:40.682034101,89.219.19.217,48.171.38.249,57634,254,768,179,7,IGMP,DELETE,0.66,Normal
2023-10-01 20:20:29.821491074,124.194.127.182,15.57.149.29,44232,21,1024,247,8,IGMP,POST,0.32,Normal
2023-10-01 20:32:01.056052802,53.208.65.42,251.112.251.228,34985,254,128,432,20,UDP,ACK,0.75,Normal
2023-10-01 16:28:25.765288264,23.53.89.117,65.87.143.154,38856,3306,512,335,12,IGMP,GET,0.16,Normal
2023-10-02 07:29:33.268663433,77.41.95.222,147.247.39.131,53644,80,256,394,2,TCP,DELETE,0.67,DDoS
2023-10-02 10:48:38.665933296,77.229.239.230,250.21.129.91,40247,3389,4096,473,29,IGMP,PATCH,0.03,Normal
2023-10-02 03:13:26.260313015,192.115.87.63,92.236.167.158,35058,23,256,407,8,TCP,ACK,0.31,DDoS
2023-10-01 23:07:06.801340067,75.129.105.227,94.19.143.208,40720,21,64,86,6,UDP,SYN,0.91,Normal
2023-10-02 09:43:54.791739586,197.158.132.207,151.217.198.7,2760,5432,768,222,11,UDP,DELETE,0.42,Normal
2023-10-02 00:25:27.196359817,90.160.57.13,139.128.251.229,10118,22,768,414,1,TCP,GET,0.42,Normal
2023-10-01 12:04:58.094904745,120.238.70.17,58.62.39.138,10352,53,1024,102,22,ICMP,SYN,0.31,Normal
2023-10-01 22:49:49.949497474,153.195.57.241,206.118.73.192,37791,110,256,460,22,SCTP,GET,0.33,Normal
2023-10-01 12:27:17.361868093,86.210.212.44,254.242.230.144,35864,254,512,61,19,TCP,POST,0.76,Normal
2023-10-01 21:14:21.343067153,131.117.224.123,234.228.131.238,42195,254,768,367,19,SCTP,GET,0.98,Normal
2023-10-02 03:06:18.558927946,54.188.249.246,218.129.119.248,12803,445,512,240,2,TCP,GET,0.35,Botnet
2023-10-02 05:49:02.247112355,127.107.46.200,45.18.220.185,42893,995,256,248,11,IGMP,GET,0.15,Normal
2023-10-02 08:37:09.951497574,204.70.89.134,164.33.143.211,35490,5432,2048,168,25,UDP,GET,0.99,Botnet
2023-10-01 17:38:59.576978848,10.54.251.17,31.163.92.213,43205,3389,2048,346,11,IGMP,PUT,0.84,Botnet
2023-10-02 05:37:00.771038551,150.143.236.161,228.69.156.154,46215,110,128,350,29,SCTP,PUT,0.88,Normal
2023-10-01 23:25:54.377718885,49.200.247.233,86.3.12.219,52403,21,4096,218,19,UDP,DELETE,0.51,Normal
2023-10-01 20:58:52.496624831,6.179.198.32,180.121.226.63,22933,25,128,298,24,UDP,ACK,0.84,Normal
2023-10-02 04:17:57.173858692,66.77.206.148,74.195.201.215,28049,80,4096,484,20,UDP,GET,0.43,Normal
2023-10-02 00:20:50.702535126,54.63.58.97,164.33.213.52,1153,80,4096,137,29,UDP,PUT,0.87,Normal
2023-10-01 14:46:49.940497024,244.138.223.74,207.29.242.201,23261,22,4096,197,13,ICMP,PUT,0.59,Normal
2023-10-02 06:54:29.323466173,31.66.122.18,107.152.2.243,62173,254,768,406,8,SCTP,DELETE,0.02,Normal
2023-10-02 00:10:15.630781539,207.80.59.147,222.3.186.123,48214,139,256,419,3,IGMP,GET,0.89,DDoS
2023-10-01 15:12:58.178908945,25.127.3.27,34.2.168.176,15721,80,128,430,29,ICMP,GET,0.88,Normal
2023-10-01 17:30:29.791489574,47.252.203.208,175.64.137.89,58100,23,1024,445,15,UDP,DELETE,0.48,Normal
2023-10-02 08:08:39.145957297,133.114.184.144,209.29.159.149,47221,3389,1024,472,6,UDP,POST,0.87,Botnet
2023-10-02 02:29:09.327466373,24.249.140.251,237.243.103.40,51517,8081,1024,265,27,SCTP,PATCH,0.8,Normal
2023-10-01 22:41:24.484224211,156.193.198.3,38.174.183.241,65298,3389,512,208,5,ICMP,POST,0.47,DDoS
2023-10-01 22:32:11.496574828,235.213.115.237,229.131.251.248,32124,25,4096,223,21,SCTP,PATCH,0.02,Normal
2023-10-02 00:20:55.022751137,152.241.121.167,215.105.49.211,11330,8080,1024,470,10,UDP,PUT,0.35,Normal
2023-10-02 02:39:27.118355917,211.230.229.0,97.240.173.117,5620,254,2048,100,15,TCP,POST,0.05,Normal
2023-10-01 23:44:41.954097704,155.113.195.72,46.133.219.245,20500,25,512,108,26,SCTP,POST,0.2,Normal
2023-10-01 14:50:12.990649532,43.146.209.214,16.31.62.79,65073,22,768,301,27,SCTP,POST,0.0,Botnet
2023-10-02 11:23:03.729186459,1.15.201.177,102.124.64.158,8073,445,4096,88,7,ICMP,DELETE,0.55,Normal
2023-10-01 13:39:52.139606980,180.73.212.7,178.139.199.103,12492,25,2048,364,26,UDP,DELETE,0.26,Normal
2023-10-02 11:31:03.273163658,106.122.70.3,169.44.124.13,12821,8081,768,146,6,ICMP,POST,0.44,Normal
2023-10-02 09:25:02.895144757,53.68.177.11,112.194.14.236,14575,8081,2048,436,11,SCTP,ACK,0.81,Normal
2023-10-02 05:42:59.348967448,240.69.134.17,184.215.67.143,24165,23,256,359,7,SCTP,PUT,0.79,DDoS
2023-10-02 08:13:24.280214010,179.16.88.91,214.188.146.5,37198,53,128,205,27,SCTP,GET,0.15,Normal
2023-10-01 17:19:02.877143857,188.9.85.222,238.67.149.237,34494,23,128,208,8,UDP,SYN,0.18,Normal
2023-10-02 03:21:43.085154257,19.197.3.21,209.93.67.102,50483,110,512,118,29,TCP,SYN,0.23,Normal
2023-10-02 07:19:06.837341867,68.227.43.213,14.240.241.101,7490,5432,64,95,15,UDP,ACK,0.75,Botnet
2023-10-02 03:31:43.595179758,70.183.110.159,248.145.128.37,50307,143,64,416,27,IGMP,PATCH,0.8,Botnet
2023-10-01 15:36:00.648032401,60.55.12.140,51.89.108.147,9160,254,512,353,17,IGMP,POST,0.28,Normal
2023-10-01 19:07:55.043752187,237.118.199.1,178.71.118.110,36906,23,256,298,27,UDP,GET,0.23,Normal
2023-10-02 05:35:25.726286314,51.172.232.32,174.131.71.33,43437,21,512,62,12,IGMP,PATCH,0.59,Normal
2023-10-01 13:37:20.932046602,223.187.172.58,153.5.224.35,39532,53,512,357,9,ICMP,PUT,0.92,DDoS
2023-10-01 15:01:57.185859292,82.128.207.211,244.204.252.245,14260,995,2048,442,16,IGMP,PATCH,0.32,Normal
2023-10-01 19:01:43.505175258,6.231.203.171,104.59.115.149,58091,25,256,266,14,SCTP,DELETE,0.06,Normal
2023-10-01 22:46:09.618480924,74.80.140.138,195.236.201.144,53296,445,4096,483,9,SCTP,SYN,0.28,Normal
2023-10-02 09:10:25.891294564,52.150.87.105,163.147.192.104,7992,22,768,318,9,TCP,POST,0.98,Botnet
2023-10-01 20:06:27.379368968,213.199.198.247,174.160.124.165,39179,995,768,65,10,SCTP,SYN,0.11,Normal
2023-10-02 08:27:52.643632181,41.21.231.226,199.72.86.180,36079,25,1024,353,6,TCP,PUT,0.21,Normal
2023-10-02 04:58:29.455472773,187.74.37.101,29.18.140.57,32149,21,768,466,2,ICMP,DELETE,0.13,Botnet
2023-10-02 10:34:49.184459222,50.176.230.49,160.0.96.223,30914,3389,1024,223,15,IGMP,ACK,0.18,Normal
2023-10-01 17:52:40.418020901,14.22.110.67,59.231.182.169,62183,25,256,394,6,SCTP,PUT,0.99,DDoS
2023-10-01 21:59:30.118505925,94.199.16.245,249.177.192.182,19272,25,768,309,1,TCP,ACK,0.97,Botnet
2023-10-02 06:44:02.892144607,181.104.16.29,160.73.58.206,14900,995,64,349,27,TCP,GET,0.93,Botnet
2023-10-01 14:49:03.867193359,198.62.22.174,231.108.53.62,47489,53,2048,233,3,TCP,POST,0.83,DDoS
2023-10-01 12:45:17.415870793,21.254.187.96,31.211.52.87,22706,443,512,496,12,TCP,PATCH,0.88,Normal
2023-10-01 17:23:22.090104505,174.152.144.121,111.111.157.31,5370,21,64,223,6,SCTP,DELETE,0.33,Normal
2023-10-02 10:08:49.586479323,224.194.11.176,21.62.21.43,55793,5432,1024,440,12,UDP,PUT,0.17,Botnet
2023-10-01 15:22:50.048502425,212.151.253.60,208.105.226.0,11709,8081,2048,343,12,SCTP,DELETE,0.04,Normal
2023-10-02 06:28:47.006350317,231.18.116.198,254.246.184.31,9407,23,128,234,1,ICMP,GET,0.43,Botnet
2023-10-02 01:03:49.871493574,162.190.82.164,239.95.29.126,7530,8081,768,287,4,UDP,GET,0.81,DDoS
2023-10-02 03:08:36.805840292,140.211.208.198,246.73.69.94,35136,445,256,111,15,TCP,GET,0.97,Normal
2023-10-02 04:49:59.669983499,113.140.55.37,12.214.16.29,25818,5432,1024,292,3,ICMP,GET,0.12,Normal
2023-10-01 23:58:44.396219810,72.44.2.120,53.172.65.54,55561,5432,256,118,5,ICMP,DELETE,0.21,Normal
2023-10-01 16:57:39.772988649,11.63.111.10,5.92.74.135,61545,53,1024,470,25,ICMP,SYN,0.76,Normal
2023-10-02 01:27:39.862993149,114.254.201.142,153.220.219.100,19691,21,768,121,25,TCP,SYN,0.66,Normal
2023-10-02 11:56:19.668983449,248.156.208.160,100.119.207.213,18744,25,256,302,26,ICMP,ACK,0.08,Normal
2023-10-02 02:28:08.844442222,247.243.147.46,8.233.7.206,42141,443,2048,100,15,ICMP,ACK,0.32,Normal
2023-10-01 17:51:26.974348717,101.162.16.191,30.247.121.235,26440,139,512,441,10,TCP,DELETE,0.59,Normal
2023-10-01 19:11:13.773688684,30.101.132.35,96.116.64.151,43728,25,2048,82,2,UDP,SYN,0.54,Botnet
2023-10-02 06:58:01.014050702,187.216.65.82,102.76.167.68,41924,80,512,142,6,IGMP,PUT,0.06,DDoS
2023-10-02 08:59:29.218460923,215.130.211.84,42.168.115.239,41260,8080,256,322,13,IGMP,POST,0.57,Normal
2023-10-01 19:41:19.623981199,205.242.166.249,209.129.12.130,19120,995,4096,385,2,ICMP,SYN,0.35,Botnet
2023-10-01 19:51:28.774438721,17.149.100.103,213.109.211.216,3468,5432,2048,277,8,SCTP,GET,0.43,Normal
2023-10-02 07:43:27.070353517,66.39.12.215,51.21.98.179,14443,22,1024,377,14,ICMP,DELETE,0.75,Botnet
2023-10-02 01:40:28.861443072,231.11.77.79,61.156.71.191,30001,445,1024,184,5,IGMP,GET,0.61,DDoS
2023-10-01 23:18:50.996549827,135.169.161.219,103.72.32.150,52130,110,4096,360,11,SCTP,POST,0.38,Normal
2023-10-01 13:46:29.599479973,242.195.249.97,206.48.89.102,25526,8080,1024,253,11,IGMP,ACK,0.07,Normal
2023-10-01 13:49:22.408120406,27.119.83.2,127.97.133.182,11787,80,2048,63,25,ICMP,SYN,0.75,Botnet
2023-10-02 06:44:15.852792639,216.253.55.13,166.170.164.199,25147,21,512,69,3,IGMP,PUT,0.66,Normal
2023-10-01 14:01:49.805490274,202.123.226.162,3.211.235.15,12762,139,128,394,24,ICMP,ACK,0.23,Normal
2023-10-01 17:19:24.478223911,168.194.68.136,98.14.153.37,26087,8081,2048,100,9,UDP,SYN,0.83,Normal
2023-10-02 04:54:57.764888244,208.228.149.233,240.190.146.124,47662,25,2048,110,1,ICMP,PATCH,0.83,Botnet
2023-10-01 14:20:11.460573028,110.61.158.96,116.128.116.133,28971,8081,64,260,21,TCP,POST,0.42,DDoS
2023-10-02 10:34:10.302515125,208.194.240.117,83.214.22.54,7337,25,4096,334,18,ICMP,POST,0.93,Botnet
2023-10-02 05:43:03.669183459,229.28.137.58,108.170.6.103,10400,143,4096,391,14,UDP,PATCH,0.58,Normal
2023-10-02 08:13:28.600430021,209.238.65.194,198.215.226.45,32205,22,64,235,29,ICMP,ACK,0.67,Normal
2023-10-02 01:35:35.086754337,115.131.54.144,127.99.124.13,32095,21,768,349,8,IGMP,PUT,0.89,DDoS
2023-10-01 14:27:23.482174108,135.189.250.250,145.220.186.116,11589,445,512,316,10,SCTP,DELETE,0.44,Normal
2023-10-02 11:57:15.831791589,184.126.138.239,220.50.121.108,30449,3389,4096,238,10,IGMP,PATCH,0.68,Normal
2023-10-01 20:07:01.941097054,26.129.45.110,235.232.251.175,46731,3389,1024,498,11,UDP,DELETE,0.58,Normal
2023-10-02 03:06:40.160008000,232.98.240.237,171.77.205.59,9158,3306,1024,286,7,SCTP,PATCH,0.65,DDoS
2023-10-02 03:20:03.720186009,46.71.63.207,226.108.78.162,49973,5432,64,362,24,ICMP,SYN,0.31,Normal
2023-10-02 00:49:17.187859392,188.157.25.241,215.191.129.62,48344,21,64,249,27,TCP,DELETE,0.26,Normal
2023-10-01 20:57:34.732736636,83.112.211.157,75.240.206.251,62867,5432,64,265,2,IGMP,SYN,0.56,Normal
2023-10-02 06:40:26.881344067,179.95.42.153,182.6.159.248,59957,3306,128,345,27,SCTP,PATCH,0.76,Normal
2023-10-01 23:47:21.802090104,207.215.82.36,227.41.21.148,48846,22,256,235,22,SCTP,PUT,0.8,Normal
2023-10-01 18:59:20.938046902,227.160.49.159,1.226.235.116,30444,254,2048,63,12,TCP,DELETE,0.47,Normal
2023-10-01 15:54:35.263763188,73.174.18.158,3.147.58.62,36165,21,2048,406,18,ICMP,DELETE,0.27,Normal
2023-10-02 10:52:53.558677933,149.10.10.232,44.44.44.59,4202,3389,64,303,17,TCP,GET,0.6,Botnet
2023-10-01 15:04:24.073203660,137.49.102.6,55.199.24.84,39168,23,128,137,16,IGMP,POST,0.34,Normal
2023-10-02 08:58:11.454572728,187.114.187.188,73.107.15.121,11482,445,256,66,5,ICMP,DELETE,0.27,Normal
2023-10-02 06:47:04.341217060,138.151.69.167,242.17.69.88,5823,3389,512,447,24,SCTP,GET,0.15,Normal
2023-10-01 15:27:52.463623181,155.11.132.123,59.203.51.185,28700,8081,128,257,21,SCTP,GET,0.86,DDoS
2023-10-01 20:05:48.497424871,30.130.112.75,253.86.63.25,10521,139,256,336,22,ICMP,PUT,0.2,Normal
2023-10-02 04:27:57.683884194,243.30.186.66,246.173.231.229,60581,23,256,305,2,SCTP,PATCH,0.02,Normal
2023-10-02 02:53:16.599829991,249.126.178.185,1.197.233.206,31679,110,768,343,15,UDP,ACK,0.43,Normal
2023-10-01 22:44:04.332216610,246.213.248.110,53.100.162.23,54470,110,768,164,22,TCP,PATCH,0.19,Normal
2023-10-01 20:33:49.061453072,96.32.157.250,211.245.99.122,18142,22,4096,158,1,SCTP,GET,0.46,Normal
2023-10-02 05:07:55.403770188,174.223.86.250,177.195.81.194,35583,143,4096,367,16,IGMP,SYN,0.4,DDoS
2023-10-01 13:46:51.200560028,28.38.29.236,7.16.240.165,19881,445,1024,387,19,TCP,SYN,0.12,Botnet
2023-10-01 15:56:23.269163458,61.104.217.179,198.223.254.89,46913,8081,512,319,1,TCP,PATCH,0.87,DDoS
2023-10-01 19:33:02.799139956,101.30.78.161,230.126.205.149,6898,254,128,194,23,UDP,ACK,0.39,Normal
2023-10-02 00:04:21.373068653,161.253.137.224,94.247.217.35,19624,25,128,62,26,ICMP,PATCH,0.86,DDoS
2023-10-01 18:35:26.626331316,152.9.216.74,221.207.81.178,25672,8081,4096,147,3,IGMP,SYN,0.01,Normal
2023-10-02 04:15:21.646082304,43.227.244.97,180.174.156.43,24765,23,768,447,12,ICMP,PUT,0.68,Normal
2023-10-01 17:29:12.027601380,246.114.8.226,131.75.223.80,35544,22,768,329,29,ICMP,ACK,0.03,DDoS
2023-10-02 03:29:55.589779488,223.216.156.126,254.38.230.93,31665,80,512,111,1,IGMP,GET,0.61,Normal
2023-10-02 11:12:54.578728936,208.250.177.42,246.30.214.221,43130,995,64,160,7,UDP,SYN,0.12,Normal
2023-10-01 22:04:41.174058702,190.247.163.226,129.213.46.90,61073,139,64,210,20,UDP,DELETE,0.44,Normal
2023-10-02 04:03:46.091304565,99.247.130.167,128.193.49.172,34857,3389,256,258,1,SCTP,GET,0.74,DDoS
2023-10-02 04:28:06.324316215,52.83.192.44,47.236.97.99,42333,25,768,64,4,UDP,PATCH,0.83,Botnet
2023-10-01 19:43:20.590029501,240.188.125.194,128.102.176.80,6635,21,2048,52,26,IGMP,DELETE,0.54,Botnet
2023-10-01 22:40:19.680984049,103.245.212.191,5.185.198.155,6128,8080,512,72,24,TCP,PATCH,0.45,Normal
2023-10-02 03:03:04.149207460,15.70.172.78,25.100.153.168,62754,53,512,300,25,TCP,ACK,0.85,DDoS
2023-10-02 00:23:26.230311515,99.92.116.124,31.108.75.154,22827,995,64,120,21,SCTP,ACK,0.72,DDoS
2023-10-02 02:16:46.250312515,105.222.0.251,186.155.128.164,19232,3389,1024,258,7,UDP,ACK,0.71,Botnet
2023-10-02 00:25:57.437871893,225.62.87.41,125.93.18.122,47685,21,64,440,4,ICMP,SYN,0.68,DDoS
2023-10-02 06:57:26.452322616,40.46.165.203,101.77.21.140,7088,443,512,395,22,TCP,PUT,0.79,Normal
2023-10-02 09:24:36.973848692,253.56.190.165,220.26.228.90,27140,21,2048,204,1,UDP,POST,0.19,Normal
2023-10-02 00:12:55.478773938,136.15.219.238,64.237.205.117,17294,995,768,352,19,SCTP,PUT,0.69,Normal
2023-10-01 14:04:55.574778738,203.30.100.232,234.226.31.41,63513,5432,1024,430,19,TCP,PATCH,0.05,Normal
2023-10-01 20:26:58.640932046,27.241.170.57,31.217.2.123,1673,25,64,77,24,TCP,ACK,0.3,Normal
2023-10-01 22:41:59.045952297,64.243.165.145,186.202.238.5,43495,22,4096,330,21,UDP,PUT,0.06,Normal
2023-10-02 09:38:17.814890744,222.119.143.158,246.224.168.112,21696,21,4096,398,5,ICMP,POST,0.78,DDoS
2023-10-02 05:10:48.212410620,187.140.249.79,69.107.243.238,28549,21,1024,275,2,ICMP,DELETE,0.98,DDoS
2023-10-02 01:28:53.306665333,232.174.157.71,102.140.239.3,8478,3306,2048,431,7,TCP,SYN,0.64,DDoS
2023-10-02 04:21:50.465523276,50.52.45.36,254.167.54.147,57469,3306,2048,442,26,TCP,SYN,0.17,Normal
2023-10-01 14:20:07.140357017,124.21.175.34,145.216.90.178,46322,22,256,176,18,UDP,ACK,0.94,Normal
2023-10-01 23:38:30.415520776,2.24.102.251,167.4.163.190,64546,445,768,206,23,TCP,SYN,0.17,DDoS
2023-10-01 20:05:22.576128806,150.236.28.109,82.61.118.189,30683,8080,1024,227,9,IGMP,DELETE,0.9,DDoS
2023-10-01 21:20:54.482724136,220.175.147.93,222.184.37.87,32467,139,256,424,22,TCP,POST,0.84,Normal
2023-10-01 22:55:01.005050252,83.66.79.92,91.77.190.53,39156,143,4096,474,7,TCP,PUT,0.52,Normal
2023-10-01 23:43:54.431721586,111.120.203.134,72.232.158.248,36228,21,512,230,26,IGMP,SYN,0.52,Normal
2023-10-01 21:57:59.393969698,57.168.55.217,100.211.14.114,37715,3306,256,166,4,ICMP,PUT,0.63,Normal
2023-10-01 15:20:31.801590079,79.247.49.135,115.234.194.9,64133,21,128,376,4,IGMP,SYN,0.32,DDoS
2023-10-01 14:23:12.909645482,80.118.175.53,151.221.165.163,50046,21,4096,65,6,ICMP,POST,0.94,DDoS
2023-10-02 03:26:19.578978948,200.160.122.83,161.213.224.143,47219,80,4096,353,14,IGMP,DELETE,0.75,Normal
2023-10-02 07:31:21.274063703,200.138.165.119,129.149.178.63,31556,3306,64,369,8,ICMP,GET,0.39,Botnet
2023-10-01 22:43:38.410920546,127.203.134.69,19.242.96.20,54308,53,256,140,3,UDP,GET,0.69,Normal
2023-10-01 14:40:38.401920096,216.64.56.247,203.220.19.26,27947,254,512,441,20,TCP,DELETE,0.32,Normal
2023-10-02 01:35:52.367618380,138.183.164.225,71.11.95.199,52373,139,2048,66,26,UDP,ACK,0.04,Normal
2023-10-02 01:00:13.860693034,42.201.54.227,32.251.62.42,1405,80,1024,241,4,IGMP,SYN,0.41,Normal
2023-10-01 14:12:03.276163808,157.10.87.24,60.138.45.21,13066,21,1024,201,9,SCTP,PATCH,0.47,Normal
2023-10-02 01:36:09.648482424,52.105.102.243,81.216.252.108,15298,21,4096,483,22,SCTP,POST,0.83,Normal
2023-10-01 20:07:36.502825141,81.91.76.70,127.2.163.17,38336,139,2048,299,8,TCP,ACK,0.14,Normal
2023-10-01 18:43:47.771388569,19.40.222.182,62.238.44.56,57697,443,2048,156,14,IGMP,SYN,0.58,Botnet
2023-10-02 05:29:22.828141407,90.233.39.226,8.245.176.3,47100,22,1024,377,19,UDP,SYN,0.64,Normal
2023-10-02 05:18:56.396819840,153.56.11.31,203.238.37.229,27047,143,4096,296,14,UDP,SYN,0.02,Botnet
2023-10-02 04:21:37.504875243,104.137.157.88,7.25.216.164,28077,8081,128,455,28,UDP,GET,0.18,Normal
2023-10-02 08:44:09.012450622,92.153.77.118,174.233.248.144,36809,995,768,160,3,SCTP,ACK,0.95,Normal
2023-10-01 13:15:31.906595329,205.20.246.119,153.148.32.228,60155,21,4096,375,25,SCTP,PATCH,0.62,Normal
2023-10-01 14:00:32.041602080,175.28.242.136,215.222.198.135,11843,254,4096,338,13,UDP,DELETE,0.8,Normal
2023-10-02 08:23:07.509375468,182.68.195.218,180.185.155.180,8871,8081,512,54,22,TCP,ACK,0.11,Normal
2023-10-02 02:56:52.610630531,211.150.85.221,92.184.47.6,20938,254,64,79,2,TCP,PUT,0.89,Normal
2023-10-02 00:08:57.866893344,235.59.156.3,44.86.125.155,32634,53,64,382,3,SCTP,GET,0.2,DDoS
2023-10-02 03:04:47.834391719,193.51.81.213,210.213.213.9,64700,25,2048,216,3,IGMP,SYN,0.61,DDoS
2023-10-02 07:45:32.356617830,107.82.239.109,179.130.108.17,29033,445,64,132,19,UDP,SYN,0.12,Normal
2023-10-01 22:51:12.033601680,169.134.65.70,149.221.10.250,18636,25,512,68,3,IGMP,PUT,0.39,Normal
2023-10-02 03:42:10.026501325,15.165.92.42,106.36.147.143,3702,80,1024,488,24,SCTP,POST,0.52,Normal
2023-10-01 23:41:40.505025251,98.145.183.77,131.103.42.224,21499,110,256,120,25,ICMP,PATCH,0.11,Normal
2023-10-02 10:20:51.062553127,183.63.96.140,52.165.50.115,57094,139,512,86,19,SCTP,GET,0.58,Normal
2023-10-02 02:02:39.487974398,242.95.47.153,163.229.174.196,58129,21,128,306,15,ICMP,GET,0.11,Normal
2023-10-02 04:53:27.040352017,157.9.214.181,249.176.128.80,9685,80,4096,302,11,SCTP,PATCH,0.93,Normal
2023-10-01 22:49:28.348417420,59.127.175.85,143.163.123.28,9132,139,768,56,10,TCP,PUT,0.26,Normal
2023-10-02 10:19:54.899744987,187.205.198.111,187.27.27.168,43598,80,2048,388,17,UDP,SYN,0.93,Normal
2023-10-02 04:11:24.034201710,137.128.238.154,5.125.30.62,44137,445,512,267,9,TCP,PATCH,0.5,Normal
2023-10-01 22:26:17.238861943,136.20.103.132,194.65.198.70,39724,80,1024,234,11,TCP,PUT,0.22,Normal
2023-10-01 21:42:21.907095354,75.149.10.249,77.42.254.44,15807,80,4096,449,16,UDP,PATCH,0.88,Normal
2023-10-01 12:43:20.770038501,248.246.212.214,77.119.248.10,44706,443,1024,484,25,UDP,DELETE,0.48,Normal
2023-10-01 20:53:37.120856042,82.168.152.254,175.16.128.191,19510,110,768,104,2,SCTP,ACK,0.75,Normal
2023-10-01 14:07:22.462123106,214.90.167.64,241.6.169.187,61823,21,1024,492,26,ICMP,PUT,0.49,Normal
2023-10-01 20:46:59.660983049,14.199.110.242,27.252.238.221,54297,21,128,339,17,UDP,DELETE,0.03,Normal
2023-10-02 09:30:13.950697534,45.159.214.172,85.222.74.218,62269,143,768,447,11,TCP,SYN,0.55,Normal
2023-10-01 20:48:26.065303265,93.151.81.117,76.75.117.192,41738,3389,256,404,21,ICMP,ACK,0.85,DDoS
2023-10-01 15:15:16.425821291,162.207.18.37,83.62.131.48,34911,5432,64,148,16,IGMP,GET,0.35,Normal
2023-10-02 05:04:28.033401670,17.153.105.62,146.123.15.58,64522,21,1024,311,22,ICMP,GET,0.25,Normal
2023-10-01 15:06:03.438171908,241.52.238.92,174.198.80.74,20432,8080,768,75,24,SCTP,PUT,0.53,DDoS
2023-10-02 06:31:09.573478673,22.182.123.87,10.254.172.222,34403,3389,512,399,24,TCP,POST,0.5,Normal
2023-10-02 06:01:03.723186159,134.231.10.46,144.186.206.152,40852,254,2048,50,5,UDP,PATCH,1.0,Normal
2023-10-01 18:31:41.975098754,195.144.232.46,246.188.20.227,62717,443,768,444,2,SCTP,PUT,0.15,Normal
2023-10-02 07:09:36.568828441,66.126.10.112,187.11.182.62,12831,110,128,199,6,IGMP,GET,0.81,Normal
2023-10-01 21:12:16.056802840,175.184.132.229,3.170.86.96,28973,23,4096,131,6,IGMP,ACK,0.13,Botnet
2023-10-02 09:15:32.626631331,152.182.132.135,177.245.166.159,44984,8081,512,108,1,SCTP,DELETE,0.03,Normal
2023-10-01 16:09:51.149557477,175.100.61.184,169.208.147.237,19769,80,128,66,5,ICMP,POST,0.36,Normal
2023-10-02 04:12:11.556577828,151.113.183.228,147.233.41.173,37658,22,2048,432,3,TCP,PATCH,0.2,Normal
2023-10-02 08:39:41.159057952,134.142.76.62,62.193.141.80,15811,143,128,406,19,SCTP,ACK,0.94,Normal
2023-10-01 20:03:00.009000450,215.99.242.138,179.90.184.54,18093,254,512,216,9,IGMP,DELETE,0.84,DDoS
2023-10-01 23:32:18.876943847,139.160.252.67,246.59.72.222,24703,3389,1024,90,2,IGMP,SYN,0.68,DDoS
2023-10-01 20:43:58.211910595,146.65.1.208,83.43.76.191,37249,5432,1024,378,14,SCTP,DELETE,0.21,Normal
2023-10-02 08:50:55.112755637,2.66.243.211,28.225.127.22,15710,5432,64,59,25,SCTP,PATCH,0.93,Normal
2023-10-02 01:18:52.796639831,202.77.213.171,128.59.240.190,17503,25,64,225,10,UDP,GET,0.64,Normal
2023-10-01 23:56:39.109955497,35.173.97.229,185.28.133.81,27459,254,64,246,13,UDP,PATCH,0.53,Normal
2023-10-02 11:14:03.702185109,34.211.202.82,203.95.66.95,61764,995,256,390,7,ICMP,PATCH,0.24,Normal
2023-10-01 15:58:19.914995749,192.82.33.223,187.118.150.31,16239,143,512,358,21,UDP,POST,0.47,Normal
2023-10-02 06:01:59.885994299,169.193.35.156,74.123.91.237,45440,22,1024,315,22,IGMP,PATCH,0.95,Botnet
2023-10-01 16:19:04.137206860,98.232.157.29,158.131.180.92,28114,22,1024,147,28,IGMP,DELETE,0.67,Normal
2023-10-02 01:46:49.040452022,71.72.140.105,7.105.17.98,38821,254,768,239,26,UDP,SYN,0.79,Normal
2023-10-02 08:03:49.691484574,61.153.34.122,110.99.210.111,26606,25,128,100,27,ICMP,POST,0.96,Normal
2023-10-01 15:24:20.773038651,23.160.92.125,108.138.53.246,1645,5432,256,144,11,IGMP,GET,0.91,Normal
2023-10-01 21:33:26.200310015,23.47.238.149,3.53.248.98,20282,23,1024,150,29,SCTP,SYN,0.33,Normal
2023-10-02 05:06:33.319665983,111.226.215.189,204.214.57.7,3543,110,2048,328,2,UDP,ACK,1.0,DDoS
2023-10-01 12:46:30.859542977,12.197.46.178,250.54.195.140,46400,110,256,169,14,ICMP,PATCH,0.23,Normal
2023-10-01 18:39:19.917995899,39.11.67.77,17.120.177.192,45292,53,4096,156,19,SCTP,GET,0.68,Normal
2023-10-01 20:25:45.197259862,226.55.201.39,28.55.156.193,47509,139,4096,146,28,TCP,GET,0.47,DDoS
2023-10-01 17:28:37.465873293,81.27.178.131,145.164.99.118,41049,80,1024,277,28,SCTP,PUT,0.11,Normal
2023-10-01 14:07:09.501475073,22.254.66.73,54.249.131.203,29770,25,64,403,3,ICMP,SYN,0.87,DDoS
2023-10-02 05:13:10.779538976,188.250.144.128,27.126.96.113,14651,445,256,146,28,ICMP,ACK,0.65,Normal
2023-10-02 10:18:24.175208760,141.103.78.172,239.157.254.102,11716,25,4096,321,24,IGMP,POST,0.78,Botnet
2023-10-02 05:12:14.616730836,244.126.221.27,39.163.151.166,25773,3306,64,493,19,ICMP,DELETE,0.34,Normal
2023-10-01 20:24:18.792939646,124.247.171.189,160.11.61.77,38801,5432,512,291,25,ICMP,GET,0.52,Normal
2023-10-02 05:26:47.300365018,99.124.105.168,172.76.252.13,53607,25,1024,59,28,ICMP,GET,0.72,Botnet
2023-10-01 13:01:16.503825191,15.140.240.192,211.241.126.210,15934,110,4096,478,20,TCP,POST,0.05,Normal
2023-10-01 22:45:35.056752837,22.135.60.206,68.204.168.196,53544,254,768,197,20,ICMP,ACK,0.94,Normal
2023-10-01 18:38:32.395619780,96.63.137.114,126.221.69.18,53210,443,512,256,5,SCTP,ACK,0.54,Normal
2023-10-01 21:14:51.584579228,73.180.83.84,34.232.95.151,22566,22,768,430,25,TCP,POST,0.48,Botnet
2023-10-01 23:23:01.569078453,123.151.93.174,5.73.3.91,7526,3389,1024,328,25,ICMP,PUT,0.18,Normal
2023-10-02 00:53:14.799739987,126.23.175.241,165.176.54.27,32031,80,4096,129,26,UDP,SYN,0.11,Botnet
2023-10-02 01:51:08.253412670,236.128.226.234,144.147.205.134,1611,8081,768,97,9,UDP,ACK,0.07,Normal
2023-10-01 18:23:03.549177458,165.47.174.185,193.14.109.75,50403,110,512,183,7,ICMP,PATCH,0.07,Normal
2023-10-02 07:28:06.864343217,182.152.188.36,129.105.135.131,29671,139,1024,178,12,SCTP,GET,0.34,DDoS
2023-10-02 00:08:06.024301215,74.204.15.205,252.49.219.181,56975,3306,256,473,14,IGMP,ACK,0.65,DDoS
2023-10-01 18:34:47.744387219,105.55.144.235,220.170.133.113,27583,443,512,109,11,ICMP,DELETE,0.8,Normal
2023-10-02 00:32:34.897744887,254.172.129.14,155.101.183.67,6394,21,64,394,18,TCP,PUT,0.83,Normal
2023-10-01 20:26:41.360068003,3.95.146.229,161.124.247.75,23474,110,128,73,2,TCP,ACK,0.48,Normal
2023-10-01 15:18:13.554677733,28.254.191.176,191.120.128.69,39853,21,256,152,18,ICMP,GET,0.97,DDoS
2023-10-01 17:26:36.499824991,197.157.222.158,78.88.132.135,39516,21,128,152,7,UDP,GET,0.49,Normal
2023-10-01 18:41:25.204260213,6.92.57.84,125.95.214.225,57599,8080,4096,440,25,ICMP,ACK,0.08,DDoS
2023-10-02 01:30:28.351417570,112.193.108.12,7.191.176.68,3656,8081,128,397,3,TCP,PUT,0.92,DDoS
2023-10-01 20:07:23.542177108,180.224.93.85,226.188.11.170,42704,8080,768,142,29,TCP,POST,0.2,Botnet
2023-10-02 06:27:20.602030101,116.166.245.78,139.222.206.136,31348,80,768,403,1,TCP,SYN,0.18,Normal
2023-10-01 20:29:29.848492424,65.115.233.174,196.71.6.201,3507,21,256,115,2,ICMP,DELETE,0.46,Normal
2023-10-02 10:44:36.733836691,20.152.201.13,58.120.113.227,32389,443,4096,441,13,IGMP,POST,0.19,Normal
2023-10-02 00:04:04.092204610,172.216.184.124,229.179.6.157,41497,8080,768,405,5,ICMP,PUT,1.0,DDoS
2023-10-02 08:21:02.223111155,98.169.88.41,157.57.158.166,7754,23,512,311,28,UDP,SYN,0.87,Normal
2023-10-01 16:16:41.570078503,184.254.250.21,93.86.102.168,12094,995,768,457,28,TCP,PUT,0.05,Normal
2023-10-02 03:41:09.543477173,41.146.203.43,52.175.25.226,33487,8080,4096,444,2,SCTP,PUT,0.11,Normal
2023-10-02 03:16:44.990249512,196.169.113.86,190.179.235.55,23032,8081,4096,398,23,TCP,GET,0.31,Normal
2023-10-01 19:18:38.755937796,174.222.125.86,90.136.229.134,23673,25,64,486,2,SCTP,GET,0.8,DDoS
2023-10-02 03:07:53.603680184,196.250.45.213,130.202.76.139,14912,110,256,284,3,UDP,POST,0.1,Normal
2023-10-02 07:56:41.990099504,223.179.138.235,45.253.75.186,55384,8081,768,239,10,UDP,SYN,0.43,Normal
2023-10-01 12:55:09.285464273,15.120.167.100,121.236.37.131,45867,25,512,454,5,TCP,PATCH,0.06,Normal
2023-10-01 23:56:43.430171508,223.26.82.232,211.142.109.150,65258,8080,128,326,21,UDP,POST,0.32,Normal
2023-10-01 23:20:17.400870043,248.151.77.83,66.180.238.70,32034,53,2048,294,18,TCP,GET,0.82,Normal
2023-10-02 07:06:39.439971998,30.174.115.0,186.79.38.235,5741,143,2048,499,17,TCP,DELETE,0.16,Normal
2023-10-02 04:41:34.204710235,245.49.116.47,34.125.15.130,42681,139,2048,397,4,ICMP,GET,0.88,DDoS
2023-10-02 11:18:31.555577778,135.75.187.174,90.254.120.78,3616,5432,2048,158,28,IGMP,PUT,0.77,Botnet
2023-10-01 16:49:09.987499374,211.107.208.154,30.245.214.246,37451,110,2048,119,8,UDP,PATCH,0.5,Normal
2023-10-01 13:21:52.085604280,203.153.48.239,171.134.199.154,37681,139,768,241,28,IGMP,ACK,0.86,Normal
2023-10-01 17:41:43.745187259,52.198.57.205,177.25.193.159,44341,254,64,68,17,IGMP,SYN,0.42,Normal
2023-10-02 05:33:37.720886044,199.57.145.252,229.2.33.112,64135,53,64,153,16,IGMP,PATCH,0.36,Normal
2023-10-02 02:56:26.689334466,142.233.62.183,24.74.11.219,43034,254,4096,469,18,TCP,DELETE,0.78,Botnet
2023-10-01 22:51:46.595329766,77.177.23.24,211.15.17.106,47002,22,4096,320,2,IGMP,DELETE,0.05,Normal
2023-10-02 03:46:55.160758037,109.50.9.237,241.110.150.130,21846,443,256,297,10,UDP,DELETE,0.81,Normal
2023-10-01 22:36:30.709535476,136.118.118.24,36.224.86.189,1901,25,1024,488,29,TCP,ACK,0.94,Botnet
2023-10-02 03:03:21.430071503,127.199.63.40,85.233.84.139,42692,8081,768,268,22,ICMP,DELETE,0.58,Normal
2023-10-02 04:31:46.655332766,151.98.120.243,95.94.199.211,51965,3389,128,426,9,TCP,GET,0.35,DDoS
2023-10-02 00:39:20.998049902,12.201.62.230,238.153.55.12,13323,3389,1024,308,18,SCTP,DELETE,0.35,Normal
2023-10-01 21:32:38.677933896,236.128.116.182,18.141.17.91,18080,8080,4096,239,15,SCTP,PATCH,0.56,Normal
2023-10-01 22:16:59.930996549,52.163.10.234,79.235.177.69,63759,110,2048,194,10,SCTP,PUT,0.51,Normal
2023-10-02 07:27:45.263263163,199.173.217.6,93.233.189.71,24275,443,64,201,13,UDP,SYN,0.26,Normal
2023-10-02 01:32:55.238761938,28.151.179.184,172.146.136.86,3937,3306,4096,290,4,UDP,PUT,0.79,Botnet
2023-10-01 19:39:53.219660983,97.80.23.233,162.126.30.106,10828,53,64,293,15,UDP,GET,0.39,Normal
2023-10-01 16:21:05.103255162,189.202.103.108,40.133.54.174,37264,443,512,158,17,UDP,PUT,0.62,Normal
2023-10-01 12:39:57.719885994,67.43.67.240,237.28.67.251,39827,139,256,474,9,UDP,POST,0.93,DDoS
2023-10-02 05:20:44.402220111,113.114.151.240,9.197.22.203,33476,80,256,401,9,SCTP,GET,0.06,Normal
2023-10-01 22:35:08.625431271,195.215.40.28,185.134.52.191,28953,139,4096,229,16,UDP,DELETE,0.61,Normal
2023-10-02 08:01:05.523276163,131.56.175.3,128.181.38.19,56816,22,256,271,28,UDP,ACK,0.4,Normal
2023-10-02 08:01:53.045652282,127.103.6.148,243.42.28.32,23440,53,768,281,6,SCTP,PATCH,0.26,Normal
2023-10-02 05:27:17.541877093,54.76.44.197,215.26.32.175,28959,995,64,387,26,ICMP,DELETE,0.05,Normal
2023-10-02 03:30:25.831291564,225.112.121.65,29.117.211.94,46133,25,64,325,8,TCP,DELETE,0.5,DDoS
2023-10-01 20:09:37.468873443,81.6.253.27,73.241.84.196,60887,139,768,213,14,TCP,GET,0.54,Normal
2023-10-01 22:33:29.260463023,122.70.39.203,102.95.240.131,61009,25,512,493,18,UDP,DELETE,0.52,DDoS
2023-10-01 19:14:36.823841192,136.13.206.186,180.193.151.143,37561,443,1024,231,17,TCP,ACK,0.45,Normal
2023-10-02 07:31:16.953847692,5.159.85.38,159.224.57.56,7046,110,4096,311,24,ICMP,DELETE,0.41,Normal
2023-10-01 13:53:20.020001000,155.102.132.38,212.103.127.235,20386,5432,128,442,14,SCTP,SYN,0.28,Normal
2023-10-02 06:26:02.838141907,246.226.38.230,192.140.237.54,53231,80,4096,446,13,UDP,SYN,0.35,Normal
2023-10-01 18:49:42.029101455,24.177.229.158,250.168.248.22,22725,25,64,296,22,TCP,ACK,0.09,Normal
2023-10-01 16:00:29.521476073,224.138.223.160,172.134.129.149,57547,110,1024,242,6,UDP,SYN,0.85,DDoS
2023-10-01 20:04:04.812240612,239.220.176.81,24.130.229.50,53912,80,64,142,8,ICMP,PATCH,0.68,Normal
2023-10-02 02:59:45.419270963,252.140.145.67,66.1.197.209,30150,143,768,57,16,IGMP,ACK,0.42,Normal
2023-10-01 20:59:14.097704885,125.55.132.252,149.137.109.254,59891,22,4096,389,12,TCP,POST,0.41,Normal
2023-10-02 06:13:09.519475973,63.67.11.110,100.61.217.218,50554,139,2048,431,19,SCTP,PUT,0.1,DDoS
2023-10-02 11:33:47.441372068,127.83.184.205,190.187.152.172,27966,445,2048,101,21,TCP,DELETE,0.51,Normal
2023-10-01 23:01:16.863843192,76.19.118.80,165.125.251.222,51976,23,64,256,13,UDP,PUT,0.26,Normal
2023-10-02 02:48:44.426221311,214.187.137.208,124.194.56.235,41259,25,256,406,26,UDP,DELETE,0.81,Botnet
2023-10-01 23:23:31.810590529,93.178.203.148,17.111.253.196,35074,21,1024,238,24,SCTP,ACK,0.79,Normal
2023-10-02 11:31:42.155107755,62.24.70.221,180.243.80.24,30305,53,64,470,19,SCTP,PUT,0.2,DDoS
2023-10-01 19:15:45.947297364,110.215.87.132,59.187.66.83,11527,110,2048,90,29,IGMP,POST,0.19,Botnet
2023-10-02 07:39:12.177608880,67.83.190.228,125.47.238.94,49372,3306,64,334,29,UDP,POST,0.2,Normal
2023-10-02 08:52:38.797939897,247.225.73.148,63.44.220.4,22931,3306,512,238,13,IGMP,POST,0.3,Botnet
2023-10-02 01:48:32.725636281,231.69.211.108,228.71.78.36,28204,23,512,419,16,UDP,SYN,0.42,Normal
2023-10-01 21:24:17.532876643,16.237.63.40,204.151.146.161,30278,995,256,317,7,TCP,GET,0.76,DDoS
2023-10-02 04:39:59.159957997,66.26.165.211,161.160.135.47,13736,80,128,443,25,IGMP,ACK,0.17,Normal
2023-10-01 21:41:04.143207160,77.242.13.134,169.120.40.188,20512,110,64,76,5,ICMP,PATCH,0.77,Normal
2023-10-01 19:23:10.929546477,7.40.135.234,191.150.31.240,7642,21,128,180,10,TCP,SYN,0.66,Botnet
2023-10-01 20:14:57.164858242,73.55.134.143,126.186.63.98,28615,3306,64,53,15,UDP,PATCH,0.4,DDoS
2023-10-02 02:04:18.852942647,43.168.110.188,181.144.223.177,28121,110,1024,498,27,TCP,SYN,0.77,Normal
2023-10-02 11:04:29.113455672,166.220.169.155,225.13.177.239,2777,443,2048,74,26,TCP,SYN,0.1,Normal
2023-10-01 23:06:27.919395969,61.145.46.237,176.91.245.201,64360,254,2048,357,14,UDP,POST,0.76,DDoS
2023-10-01 22:45:26.416320816,205.59.254.113,74.173.5.213,17890,53,64,358,14,UDP,PUT,0.24,Normal
2023-10-01 16:05:49.217460873,206.188.203.1,212.17.187.194,64792,22,256,336,15,TCP,DELETE,0.6,Normal
2023-10-02 06:41:44.645232261,21.73.3.231,186.107.56.53,59730,3306,1024,405,16,ICMP,PATCH,0.97,Botnet
2023-10-01 23:29:08.787439371,32.55.11.189,30.50.71.4,13754,25,768,199,20,SCTP,SYN,0.36,Botnet
2023-10-02 00:56:16.248812440,81.9.93.29,127.83.173.150,24694,110,1024,219,27,ICMP,PATCH,0.54,Normal
2023-10-02 11:51:34.534726736,227.202.66.11,53.17.175.80,25640,254,4096,443,5,IGMP,SYN,0.16,Normal
2023-10-01 21:33:43.481174058,144.114.242.225,163.183.151.208,20667,25,768,275,26,TCP,DELETE,0.87,Botnet
2023-10-01 13:43:32.470623531,141.94.4.198,106.140.254.120,56313,254,128,330,21,TCP,PATCH,0.98,Normal
2023-10-02 07:53:14.619730986,23.186.125.39,70.64.95.129,42707,21,64,485,12,IGMP,POST,0.59,Normal
2023-10-02 07:02:15.906795339,227.203.192.116,117.211.4.36,13183,139,64,174,11,SCTP,POST,0.08,Normal
2023-10-01 19:57:23.032151607,142.70.138.134,148.35.89.144,11109,80,128,264,15,ICMP,PUT,0.39,Normal
2023-10-01 17:58:43.316165808,195.28.157.216,122.152.107.47,50438,8080,64,263,22,ICMP,SYN,0.84,Normal
2023-10-02 10:25:18.915945797,197.8.49.105,74.91.140.3,46484,110,128,426,9,UDP,POST,0.3,DDoS
2023-10-02 11:41:51.305565278,61.225.183.70,74.225.108.151,58585,254,64,394,20,UDP,PATCH,0.71,Normal
2023-10-02 05:33:42.041102055,159.31.205.153,20.0.165.178,59998,110,768,138,16,UDP,SYN,1.0,Normal
2023-10-01 23:56:34.789739486,108.156.162.110,126.235.33.4,14799,8081,256,200,9,SCTP,SYN,0.71,Normal
2023-10-02 11:06:34.399719986,59.72.156.129,76.171.152.172,10310,5432,768,269,12,IGMP,ACK,0.51,Botnet
2023-10-02 02:53:38.200910045,90.88.27.112,112.4.55.208,30208,443,1024,57,15,SCTP,SYN,0.79,Normal
2023-10-01 21:09:44.849242462,32.115.246.115,166.36.43.29,48914,53,1024,489,21,SCTP,ACK,0.91,Normal
2023-10-01 12:45:13.095654782,154.241.174.115,139.116.20.152,64706,8081,64,412,11,SCTP,POST,0.81,Normal
2023-10-02 06:09:59.429971498,157.51.74.149,1.115.170.224,28563,8080,4096,108,28,SCTP,ACK,0.76,Normal
2023-10-01 12:16:50.930546527,245.160.112.121,123.48.225.248,17542,22,1024,453,3,TCP,PUT,0.37,Normal
2023-10-01 20:18:50.456522826,72.41.178.59,228.220.71.201,50032,8081,1024,420,17,SCTP,PATCH,0.55,DDoS
2023-10-01 14:40:03.840192009,157.26.140.34,216.145.173.149,21913,25,4096,340,16,SCTP,ACK,0.26,Normal
2023-10-01 20:37:55.313765688,11.77.3.2,253.142.43.199,56911,254,256,272,23,SCTP,SYN,0.1,Normal
2023-10-01 15:01:31.264563228,101.93.203.109,2.90.25.181,36982,254,1024,58,9,IGMP,PUT,0.41,Normal
2023-10-02 08:30:49.772488624,72.165.104.64,46.9.204.213,64910,3306,4096,446,2,UDP,ACK,0.7,DDoS
2023-10-02 00:40:08.520426021,71.55.93.26,221.198.170.91,23660,3306,768,293,6,TCP,DELETE,0.5,Normal
2023-10-01 14:21:16.263813190,177.140.222.126,64.90.104.196,59115,254,512,153,26,SCTP,DELETE,0.41,Normal
2023-10-01 17:39:12.537626881,178.140.70.222,97.160.82.5,3993,995,64,420,16,SCTP,SYN,0.2,Normal
2023-10-01 18:16:13.128656432,233.87.60.125,81.120.94.132,51717,25,64,383,17,IGMP,GET,0.26,Normal
2023-10-02 07:36:49.610480524,241.53.138.134,252.152.218.143,57706,53,2048,98,22,TCP,PATCH,0.17,Normal
2023-10-02 03:17:49.793489674,164.194.131.71,13.141.157.180,5891,3389,64,58,3,ICMP,ACK,0.09,Botnet
2023-10-02 00:44:45.014250712,195.62.217.158,63.48.228.9,54975,3389,1024,68,21,TCP,POST,0.5,DDoS
2023-10-02 05:39:10.377518875,225.211.128.142,105.192.252.113,32178,8081,2048,271,21,SCTP,PUT,0.33,Normal
2023-10-02 09:38:35.095754787,212.31.80.1,52.246.59.183,28837,25,768,418,4,ICMP,SYN,0.63,DDoS
2023-10-01 18:06:51.500575028,85.90.163.190,235.242.172.191,22519,8080,512,385,18,ICMP,PUT,0.46,Normal
2023-10-02 10:02:38.047902395,208.5.86.190,224.78.67.45,52112,143,1024,89,17,TCP,SYN,0.91,Botnet
2023-10-01 19:22:49.328466423,117.168.252.162,108.243.208.134,63710,23,128,299,6,UDP,PUT,0.69,DDoS
2023-10-01 20:21:04.383219160,207.254.249.172,51.35.244.116,9853,80,128,428,18,IGMP,POST,0.03,Normal
2023-10-02 08:46:22.939146957,241.147.215.131,145.27.220.170,21998,3306,1024,255,10,TCP,SYN,0.76,Botnet
2023-10-02 08:58:28.735436771,158.1.248.182,94.245.221.185,23702,5432,512,310,17,ICMP,PUT,0.61,Normal
2023-10-02 08:11:31.954597729,77.118.51.130,79.185.65.54,46610,443,4096,264,24,IGMP,SYN,0.3,Normal
2023-10-01 21:33:04.599229961,109.231.219.41,229.102.89.93,31400,254,512,443,18,UDP,ACK,0.69,Normal
2023-10-01 18:27:48.683434171,197.89.147.49,186.26.156.172,46053,3306,512,91,25,SCTP,ACK,0.07,Normal
2023-10-02 09:10:43.172158607,176.245.119.18,4.25.77.73,12090,254,512,399,8,IGMP,PATCH,0.24,Normal
2023-10-02 01:17:56.633831691,169.176.25.157,78.142.164.192,37927,445,2048,195,16,ICMP,SYN,0.85,Botnet
2023-10-01 22:13:54.161708085,51.80.22.210,96.205.27.136,65518,53,1024,396,10,TCP,POST,0.36,Normal
2023-10-01 12:48:05.904295214,35.208.88.204,202.104.15.244,45613,254,128,103,5,SCTP,PATCH,0.92,Normal
2023-10-02 05:22:06.486324316,183.34.61.99,77.175.147.208,50804,80,768,208,29,UDP,PATCH,0.81,Normal
2023-10-01 23:55:29.986499324,32.104.76.0,5.27.39.158,50762,53,768,92,3,TCP,GET,0.77,Normal
2023-10-02 05:12:18.936946847,30.194.219.19,117.227.62.135,18873,443,1024,355,13,UDP,PATCH,0.11,Botnet
2023-10-02 05:11:01.173058652,84.208.207.162,213.84.137.134,52647,3306,2048,113,22,TCP,ACK,0.46,Normal
2023-10-02 11:21:24.364218210,126.170.81.48,133.190.100.230,43039,80,64,400,4,TCP,PATCH,0.49,Normal
2023-10-02 01:17:13.431671583,78.240.77.115,79.125.48.140,10637,254,512,451,13,UDP,PUT,0.43,Normal
2023-10-02 10:51:44.435221761,78.246.61.197,7.239.95.242,17073,3306,128,299,11,SCTP,DELETE,0.57,Normal
2023-10-02 03:01:46.385319265,69.186.147.94,183.106.46.185,2055,21,128,240,1,TCP,POST,0.2,Normal
2023-10-01 14:49:29.788489424,243.170.181.237,40.241.29.19,42853,25,512,158,24,IGMP,POST,0.57,Botnet
2023-10-02 05:21:14.643732186,228.249.41.29,176.1.58.212,35122,21,2048,128,10,IGMP,ACK,0.97,Normal
2023-10-02 08:02:36.247812390,227.170.118.146,198.159.249.56,11009,25,1024,411,8,SCTP,POST,0.82,Botnet
2023-10-02 04:52:04.956247812,239.145.21.199,11.79.152.200,6606,3306,256,212,1,UDP,PATCH,0.15,Normal
2023-10-01 18:59:38.218910945,95.207.201.119,156.34.97.109,20368,443,1024,425,9,UDP,DELETE,0.29,Normal
2023-10-01 13:37:03.651182559,122.228.128.187,38.26.196.231,46332,443,1024,425,8,IGMP,ACK,0.81,DDoS
2023-10-02 07:23:56.291814590,17.250.176.92,120.209.177.38,25638,53,512,127,14,UDP,DELETE,0.29,Normal
2023-10-01 12:33:50.501525076,15.175.118.11,118.132.177.19,48843,143,2048,69,9,SCTP,GET,0.94,Normal
2023-10-01 12:50:45.752287614,19.115.137.116,144.219.60.111,24153,995,768,152,8,IGMP,SYN,0.66,Normal
2023-10-02 06:52:28.357417870,235.230.243.38,97.88.178.25,63261,443,512,270,4,IGMP,DELETE,0.28,Botnet
2023-10-02 03:26:41.180059002,191.105.221.58,164.20.136.52,18162,445,256,237,8,UDP,POST,0.02,Normal
2023-10-02 01:33:03.879193959,215.211.176.117,224.169.107.76,49742,5432,768,229,10,TCP,PATCH,0.13,Normal
2023-10-02 06:26:37.399869993,224.249.48.154,68.240.235.6,51024,443,256,94,27,UDP,POST,0.41,Normal
2023-10-02 11:11:28.174408720,12.233.251.110,69.134.7.155,36080,143,4096,110,1,IGMP,ACK,0.55,Normal
2023-10-02 05:03:57.791889594,2.196.200.159,209.108.162.133,28566,143,128,265,26,ICMP,PUT,0.96,Normal
2023-10-01 23:40:09.780489024,49.126.64.89,240.75.0.104,37249,5432,2048,187,11,SCTP,PATCH,0.61,Normal
2023-10-01 18:08:13.584679233,210.207.202.207,135.195.69.249,56127,21,64,146,17,IGMP,POST,0.37,Normal
2023-10-01 22:15:11.925596279,201.119.190.106,144.224.217.147,16607,443,256,445,5,TCP,POST,0.19,Normal
2023-10-02 07:26:49.100455022,217.251.177.148,58.10.222.112,64648,23,256,134,7,SCTP,GET,0.65,Normal
2023-10-02 06:47:51.863593179,163.50.205.27,199.238.113.83,28056,8081,4096,317,18,UDP,POST,0.8,Normal
2023-10-01 22:06:11.898594929,112.236.196.141,183.116.169.119,63681,5432,128,281,27,UDP,POST,0.15,DDoS
2023-10-01 21:46:15.198759937,127.157.203.97,179.40.25.114,63927,443,1024,111,25,TCP,PATCH,0.15,Normal
2023-10-02 04:19:53.819690984,192.128.246.186,9.148.191.111,6222,80,256,140,6,SCTP,GET,0.14,Normal
2023-10-02 04:29:32.728636431,207.112.121.183,206.58.52.33,36915,445,2048,288,1,ICMP,PUT,0.76,Botnet
2023-10-02 09:30:52.832641632,242.246.222.49,175.74.219.202,62260,995,512,300,12,SCTP,GET,0.47,Normal
2023-10-02 10:38:33.835691784,45.173.128.221,150.103.182.132,5758,3389,256,481,19,UDP,POST,0.57,Normal
2023-10-01 22:54:48.044402220,77.50.108.183,137.214.198.39,40627,21,256,379,2,ICMP,SYN,0.65,DDoS
2023-10-01 23:48:56.846842342,27.8.69.93,87.108.137.140,60031,8081,2048,52,1,SCTP,PUT,0.95,DDoS
2023-10-02 01:31:46.115305765,48.38.51.68,128.152.134.141,28905,25,64,60,11,SCTP,POST,0.17,Normal
2023-10-01 20:53:28.480424021,181.80.210.181,183.94.3.192,55185,3389,64,393,12,TCP,ACK,0.44,Normal
2023-10-02 08:02:40.568028401,190.1.9.90,16.19.142.89,37227,80,512,390,24,TCP,DELETE,0.49,Normal
2023-10-02 00:01:02.643132156,185.68.38.88,218.36.196.82,19025,25,64,335,23,SCTP,GET,0.29,Normal
2023-10-02 07:41:04.503225161,85.31.138.6,120.157.128.207,10736,8081,2048,422,6,ICMP,SYN,0.21,Normal
2023-10-02 08:06:12.258612930,76.185.83.234,252.212.143.195,20049,110,128,88,16,SCTP,POST,0.75,Normal
2023-10-02 06:52:45.638281914,141.127.220.162,223.131.252.58,4680,53,512,342,18,ICMP,DELETE,0.66,Normal
2023-10-02 09:01:21.544077203,184.42.178.46,241.224.221.128,20909,21,768,196,22,IGMP,SYN,0.23,Normal
2023-10-02 11:10:32.011600580,89.105.190.244,205.24.33.251,25116,443,128,387,4,UDP,GET,0.81,DDoS
2023-10-01 22:27:43.643182159,156.48.198.52,127.81.242.28,61792,139,4096,221,26,ICMP,PUT,0.03,Normal
2023-10-02 11:00:01.260063003,204.244.234.43,66.84.33.166,48376,445,4096,342,15,SCTP,SYN,0.36,Normal
2023-10-01 19:18:51.716585829,206.40.1.222,223.66.75.193,46310,254,256,356,3,ICMP,POST,0.42,Normal
2023-10-02 00:46:02.778138906,80.42.79.80,46.14.2.191,36221,139,128,209,18,UDP,GET,0.62,Normal
2023-10-02 02:39:53.039651982,82.224.11.218,208.97.113.143,18136,254,64,148,10,SCTP,ACK,0.95,Normal
2023-10-02 02:37:34.792739636,183.201.137.151,69.30.144.181,2959,3306,2048,119,29,ICMP,PUT,0.19,Normal
2023-10-02 07:57:16.551827591,226.3.48.111,110.51.113.110,58733,110,64,266,14,SCTP,PATCH,0.06,Normal
2023-10-02 00:24:48.314415720,188.27.127.146,120.180.57.177,55907,22,256,360,19,TCP,ACK,0.9,Normal
2023-10-02 05:51:11.853592679,89.154.114.185,51.241.110.119,10797,8081,256,358,18,TCP,POST,0.47,Botnet
2023-10-02 03:53:06.699334966,159.243.243.230,233.246.96.81,23798,110,64,88,26,UDP,GET,0.08,Normal
2023-10-02 05:40:32.461623081,101.84.9.245,252.186.151.60,25830,139,4096,67,8,UDP,GET,0.38,Botnet
2023-10-01 23:15:23.626181309,107.16.77.67,63.138.114.211,44906,445,768,164,12,ICMP,PATCH,0.66,Normal
2023-10-02 00:55:28.726436321,82.201.184.84,125.60.79.251,10236,3306,128,245,21,IGMP,POST,0.58,Normal
2023-10-01 17:08:14.844742237,46.110.251.32,63.240.41.34,12261,53,768,100,24,IGMP,ACK,0.67,Normal
2023-10-01 12:37:13.551677583,195.70.126.114,133.194.135.137,8827,254,768,67,6,ICMP,POST,0.3,Normal
2023-10-02 11:23:25.330266513,196.232.235.221,154.127.188.249,26051,23,2048,293,18,IGMP,DELETE,0.79,Botnet
2023-10-02 05:52:03.696184809,122.10.239.187,236.248.169.225,9558,25,768,426,14,SCTP,ACK,0.77,Botnet
2023-10-01 14:51:39.394969748,135.162.20.193,234.20.103.173,45156,254,768,149,28,ICMP,POST,0.41,DDoS
2023-10-01 22:18:04.734236711,88.220.16.226,31.222.10.202,58691,5432,768,145,10,UDP,ACK,0.5,Normal
2023-10-02 02:30:40.052002600,113.52.187.118,155.76.218.50,17744,25,1024,258,5,SCTP,ACK,0.44,Normal
2023-10-01 13:26:54.500725036,67.84.234.62,217.39.139.243,51551,21,512,170,21,IGMP,POST,0.9,Normal
2023-10-01 23:09:38.008900445,94.198.165.190,113.239.169.127,11035,21,512,305,28,TCP,PATCH,0.74,Normal
2023-10-01 12:32:28.417420871,112.200.218.226,95.28.109.238,46279,110,512,434,13,ICMP,SYN,0.16,Normal
2023-10-01 14:34:57.104855242,190.79.113.119,97.145.118.106,2475,3389,128,401,5,ICMP,POST,0.8,DDoS
2023-10-02 02:34:54.944747237,69.81.106.116,237.102.96.224,8013,143,768,437,24,TCP,GET,0.93,Normal
2023-10-01 15:56:10.308515425,92.229.254.228,69.60.178.105,8891,53,1024,257,18,TCP,PATCH,0.67,DDoS
2023-10-01 14:42:48.008400420,191.150.239.208,132.169.152.218,63468,995,4096,153,17,SCTP,ACK,0.75,Normal
2023-10-01 12:42:03.006150307,20.111.196.144,185.123.66.115,34859,3389,768,379,15,IGMP,DELETE,0.83,Botnet
2023-10-01 18:34:30.463523176,162.200.93.199,239.79.26.140,16223,21,1024,118,20,IGMP,PATCH,0.2,Normal
2023-10-01 16:03:30.970548527,196.102.205.59,177.35.93.128,23488,25,256,300,28,UDP,DELETE,0.55,Normal
2023-10-02 09:16:50.390519525,165.35.213.145,38.50.19.76,54258,23,64,111,7,TCP,GET,0.41,Normal
2023-10-02 01:00:05.220261013,227.189.223.40,238.27.211.115,28131,8080,256,105,8,TCP,ACK,0.57,Normal
2023-10-02 04:04:59.534976748,13.251.7.109,54.48.60.22,47571,143,4096,442,7,SCTP,POST,0.28,DDoS
2023-10-02 03:56:47.030351517,153.201.1.76,5.131.218.213,39251,143,4096,491,29,IGMP,SYN,0.77,DDoS
2023-10-02 03:10:37.771888594,190.77.55.26,100.49.175.71,15175,25,128,494,19,IGMP,PATCH,0.63,Botnet
2023-10-02 02:24:02.592129606,94.6.211.21,48.162.12.115,1340,25,768,78,25,ICMP,SYN,0.36,Normal
2023-10-01 23:06:19.278963948,144.152.217.189,247.81.0.241,46609,443,64,259,6,SCTP,ACK,0.11,Normal
2023-10-01 22:38:01.434071703,112.91.4.33,134.248.236.195,32295,25,4096,84,1,IGMP,PUT,0.43,Normal
2023-10-02 00:54:15.282764138,87.200.126.253,60.75.198.35,27249,443,512,249,24,UDP,DELETE,0.13,Normal
2023-10-01 15:45:35.236761838,219.108.164.36,232.245.189.128,63666,445,2048,442,2,SCTP,SYN,0.65,DDoS
2023-10-02 00:48:03.744187209,214.49.2.201,161.110.2.134,33915,21,256,174,7,SCTP,PUT,0.4,Normal
2023-10-01 16:29:00.327016350,182.159.37.55,154.193.137.163,19447,80,1024,172,14,SCTP,POST,0.94,DDoS
2023-10-02 05:35:04.125206260,74.75.40.170,144.245.101.156,55176,8080,1024,189,15,ICMP,SYN,0.47,Normal
2023-10-01 22:30:10.530526526,160.12.138.11,181.138.6.74,41599,8081,512,466,11,TCP,DELETE,0.85,Normal
2023-10-02 03:29:51.269563478,213.126.254.206,182.212.144.163,22839,3306,4096,421,18,TCP,SYN,0.16,Normal
2023-10-02 05:42:29.107455372,131.180.116.100,59.218.7.240,4425,53,4096,456,12,UDP,GET,0.69,Normal
2023-10-01 13:55:12.345617280,31.229.150.202,75.155.120.83,64454,5432,1024,341,25,IGMP,DELETE,0.44,Normal
2023-10-02 03:21:25.804290214,224.161.228.38,225.190.52.120,30340,143,2048,487,16,SCTP,SYN,0.64,Normal
2023-10-01 18:28:57.806890344,85.62.220.36,81.69.16.177,3245,25,768,453,26,IGMP,DELETE,0.26,Normal
2023-10-01 17:40:00.060003000,50.126.242.14,107.15.205.64,56856,445,1024,118,7,SCTP,PUT,0.29,Botnet
2023-10-01 23:10:25.531276563,251.172.83.11,74.207.129.240,43854,8080,64,419,3,SCTP,PATCH,0.97,DDoS
2023-10-01 18:44:39.613980699,249.204.7.51,8.215.169.54,60208,53,768,228,16,ICMP,GET,0.87,Normal
2023-10-01 16:55:08.565428271,4.9.81.30,191.242.162.68,23873,23,512,190,19,SCTP,GET,0.61,Normal
2023-10-01 15:59:24.718235911,128.6.86.161,153.207.222.251,24786,80,768,381,12,UDP,GET,0.78,Normal
2023-10-02 06:24:19.152957647,192.89.243.128,124.92.152.23,64518,254,64,479,29,IGMP,DELETE,0.23,Normal
2023-10-02 03:21:12.843642182,198.119.244.99,117.183.5.146,5089,254,4096,265,17,ICMP,ACK,0.36,Normal
2023-10-02 03:19:07.557377868,73.179.131.114,148.58.51.112,51729,110,256,120,29,SCTP,PATCH,0.33,Normal
2023-10-01 15:07:51.443572178,113.69.109.225,51.226.124.215,36662,25,256,354,3,ICMP,GET,0.71,DDoS
2023-10-02 02:48:53.066653332,10.63.79.222,200.190.2.186,7387,445,512,239,9,UDP,SYN,0.57,Normal
2023-10-01 22:25:03.795189759,79.5.46.15,62.193.13.62,12520,8080,1024,219,19,TCP,PUT,0.43,Normal
2023-10-01 22:00:13.320666033,226.77.243.128,98.74.8.209,14598,143,128,268,23,TCP,PATCH,0.93,Normal
2023-10-02 03:18:15.714785739,79.62.119.180,103.85.22.67,49661,445,2048,151,8,ICMP,DELETE,0.06,Normal
2023-10-01 21:46:23.839191959,98.135.193.27,75.86.67.18,11262,22,512,141,15,SCTP,POST,0.62,Normal
2023-10-01 16:10:38.671933596,144.36.66.91,149.34.31.203,48274,995,64,295,24,UDP,DELETE,0.02,Normal
2023-10-01 20:01:42.245112255,249.94.87.114,144.94.102.86,59734,21,1024,446,24,SCTP,PATCH,0.43,Normal
2023-10-01 12:23:54.311715585,138.157.60.200,86.87.188.252,51021,3389,1024,265,1,SCTP,PATCH,0.48,Normal
2023-10-01 20:55:03.525176258,82.73.16.64,203.123.183.48,65377,53,1024,96,2,IGMP,SYN,0.89,Normal
2023-10-02 01:20:40.802040102,251.234.176.164,161.137.174.239,40607,3306,256,307,10,ICMP,ACK,0.96,Normal
2023-10-01 12:26:25.519275963,32.30.157.145,66.80.171.196,56849,21,768,460,17,TCP,PUT,0.7,Normal
2023-10-02 07:02:24.547227361,38.193.231.107,36.121.93.124,60381,21,512,316,3,TCP,GET,0.64,DDoS
2023-10-01 17:43:05.829291464,221.87.67.245,185.44.133.113,59777,80,512,59,8,IGMP,DELETE,0.88,Normal
2023-10-01 22:08:21.505075253,232.125.198.133,213.248.248.131,55699,8081,512,482,14,ICMP,POST,0.33,Normal
2023-10-01 14:22:16.746837341,227.131.27.23,152.24.143.98,34288,139,4096,233,25,UDP,PUT,0.89,Normal
2023-10-01 15:21:06.363318165,3.76.2.5,94.47.105.29,26810,25,2048,382,9,UDP,PUT,0.07,Normal
2023-10-02 11:42:30.187509375,220.10.180.167,248.180.29.128,51438,995,256,233,8,IGMP,DELETE,0.13,Normal
2023-10-02 03:41:31.144557227,168.19.149.147,150.171.194.175,46121,254,64,204,18,SCTP,PATCH,0.29,Normal
2023-10-02 02:02:30.847542377,247.142.141.66,113.29.224.8,8266,8081,128,237,20,TCP,PUT,0.58,DDoS
2023-10-01 13:10:16.530826541,185.167.89.248,99.158.126.215,52882,445,1024,192,4,ICMP,GET,0.23,Normal
2023-10-02 06:05:05.655282764,197.192.227.0,238.101.101.253,32251,995,512,96,13,TCP,GET,0.37,Normal
2023-10-01 14:19:32.578628931,61.12.39.201,126.183.134.241,36123,254,64,366,24,TCP,POST,0.22,Normal
2023-10-01 21:52:31.057552877,52.235.69.119,190.194.64.155,41288,25,512,303,5,IGMP,DELETE,0.77,DDoS
2023-10-01 14:30:42.212110605,226.96.91.84,90.135.211.15,10912,80,64,121,1,SCTP,DELETE,0.15,Normal
2023-10-01 20:26:06.798339916,236.135.47.208,81.71.190.128,41986,80,1024,164,23,UDP,PUT,0.83,Normal
2023-10-02 02:46:34.819740987,103.90.134.35,240.6.44.124,19709,3389,512,176,19,ICMP,DELETE,0.65,Normal
2023-10-02 04:50:29.911495574,253.175.95.25,117.62.130.20,31717,25,1024,81,15,IGMP,PUT,0.4,Normal
2023-10-01 21:12:11.736586829,46.198.166.222,105.118.147.1,27394,25,512,114,19,ICMP,PUT,0.91,Normal
2023-10-01 14:46:36.979848992,229.124.237.204,64.51.116.158,52573,25,128,352,2,UDP,ACK,0.05,Normal
2023-10-01 13:54:33.463673183,178.57.212.239,133.68.6.131,20953,21,512,344,24,TCP,SYN,0.59,Normal
2023-10-01 14:07:57.023851192,121.52.203.126,113.43.17.244,20990,53,128,345,12,TCP,PATCH,0.47,Normal
2023-10-01 16:20:17.580879043,185.166.146.104,45.84.9.242,22124,21,4096,223,8,ICMP,POST,0.36,Normal
2023-10-01 14:19:15.297764888,212.124.0.252,218.22.167.188,6834,53,128,492,7,ICMP,SYN,0.69,DDoS
2023-10-01 18:38:53.996699834,52.87.245.36,224.16.16.57,8409,8081,256,496,27,UDP,PATCH,0.4,Normal
2023-10-02 05:36:08.928446422,100.44.239.238,239.179.92.107,38359,139,2048,259,24,SCTP,GET,0.56,Normal
2023-10-01 17:18:41.276063803,143.19.186.167,210.218.136.149,1337,254,768,322,24,UDP,PUT,0.98,Normal
2023-10-02 04:42:56.288814440,173.238.149.206,243.243.167.75,23558,5432,128,429,2,IGMP,GET,0.89,DDoS
2023-10-02 04:33:56.261813090,146.152.37.97,48.238.81.216,9613,8080,768,177,1,ICMP,SYN,0.53,Normal
2023-10-01 16:52:24.397219860,207.41.222.97,42.167.206.15,44018,5432,2048,166,5,IGMP,SYN,0.18,Normal
2023-10-02 01:21:41.285064253,74.38.114.110,189.150.79.27,62461,25,2048,65,14,TCP,SYN,0.92,Botnet
2023-10-01 16:35:33.466673333,170.45.95.80,254.199.248.50,6724,8080,256,308,10,UDP,GET,0.36,Normal
2023-10-01 15:22:58.688934446,183.245.149.151,244.181.16.245,64253,8081,2048,332,6,UDP,GET,0.61,DDoS
2023-10-01 15:12:19.296964848,224.6.228.46,33.151.245.12,10235,25,1024,298,24,TCP,PATCH,0.42,Normal
2023-10-01 13:37:42.533126656,64.69.253.149,203.177.136.163,38954,8080,4096,441,19,IGMP,POST,0.99,DDoS
2023-10-01 18:23:25.150257512,72.8.222.25,27.42.57.238,49473,21,1024,201,25,SCTP,PUT,0.5,Normal
2023-10-01 23:37:34.252712635,197.154.247.0,19.51.60.204,32161,3306,4096,151,19,UDP,SYN,0.01,Normal
2023-10-02 02:36:25.669283464,81.55.91.88,216.130.234.230,46480,254,4096,125,24,IGMP,GET,0.01,Normal
2023-10-02 10:26:45.320266013,224.228.72.30,171.153.127.113,45907,254,4096,288,5,UDP,SYN,0.27,Normal
2023-10-01 16:31:09.933496674,163.15.210.86,145.239.162.239,19553,443,768,476,16,ICMP,PATCH,1.0,Normal
2023-10-01 19:28:56.546827341,40.20.73.253,190.191.102.195,44326,21,512,188,1,TCP,PUT,0.1,Normal
2023-10-01 12:42:50.528526426,20.178.191.18,148.2.152.170,29281,25,64,374,5,ICMP,PUT,0.02,Normal
2023-10-02 05:40:19.500975048,9.107.28.77,84.94.204.201,55568,25,768,164,23,IGMP,GET,0.35,Normal
2023-10-02 00:45:58.457922896,191.17.201.141,35.144.171.246,44554,53,768,413,25,TCP,PATCH,0.69,DDoS
2023-10-01 13:25:15.135756787,39.201.128.189,111.49.37.180,54552,254,128,435,27,IGMP,DELETE,0.9,Normal
2023-10-02 09:50:53.852692634,40.126.91.99,2.76.41.62,55492,53,1024,295,13,UDP,GET,0.91,DDoS
2023-10-01 21:54:23.383169158,140.93.149.10,81.215.46.226,42032,22,4096,303,27,SCTP,DELETE,0.15,Normal
2023-10-02 02:53:07.959397969,48.146.113.121,5.153.238.8,31193,21,4096,193,2,SCTP,DELETE,0.05,Normal
2023-10-01 16:00:51.122556127,91.3.243.9,140.67.250.106,48237,25,64,168,17,ICMP,PATCH,0.63,Normal
2023-10-02 08:23:59.351967598,7.178.45.5,4.35.214.131,52788,21,128,76,5,TCP,ACK,0.71,Normal
2023-10-02 10:31:52.055602780,72.54.2.26,6.141.247.77,20741,110,128,444,20,UDP,POST,0.72,Normal
2023-10-01 23:11:26.014300715,7.74.39.87,176.24.18.0,4851,254,2048,455,27,UDP,ACK,0.74,Normal
2023-10-02 11:57:46.073303665,173.65.13.19,221.199.11.106,54298,80,2048,226,13,UDP,GET,0.22,DDoS
2023-10-02 11:03:02.709135456,120.30.162.152,20.172.36.250,53667,143,2048,85,2,TCP,GET,0.49,Botnet
2023-10-02 08:37:44.513225661,117.67.209.246,245.252.0.117,29792,445,128,260,9,ICMP,POST,0.51,Normal
2023-10-02 09:08:07.644382219,103.145.222.216,217.70.25.49,61478,995,128,78,5,SCTP,POST,0.15,Normal
2023-10-01 16:23:10.389519475,221.74.147.244,189.135.195.212,21840,143,512,154,15,SCTP,PUT,0.47,Botnet
2023-10-02 11:12:11.376568828,167.62.67.149,153.71.23.222,14657,53,256,90,15,SCTP,POST,0.38,Normal
2023-10-02 10:42:40.088004400,209.0.29.68,76.124.50.52,3208,25,768,65,8,ICMP,ACK,0.98,Botnet
2023-10-02 06:54:20.683034151,107.239.6.154,229.192.130.47,19632,445,128,408,3,ICMP,ACK,0.02,Normal
2023-10-02 10:49:34.828741437,107.178.90.3,207.15.23.153,40242,995,768,165,8,UDP,PATCH,0.33,Normal
2023-10-02 08:16:47.330366518,240.197.62.1,64.124.50.100,58571,3389,64,60,20,IGMP,PUT,0.92,DDoS
2023-10-02 06:33:45.101255062,46.11.110.249,116.77.64.214,43785,995,512,489,23,ICMP,POST,0.59,Normal
2023-10-01 18:56:54.050702535,213.94.26.210,70.243.221.2,24012,8080,768,71,13,ICMP,DELETE,0.88,Normal
2023-10-01 12:53:29.920496024,51.156.18.144,28.12.158.15,39466,8081,1024,328,19,ICMP,GET,0.21,Normal
2023-10-02 07:36:58.250912545,157.244.246.214,82.52.72.103,7207,3306,2048,152,29,SCTP,ACK,0.81,Botnet
2023-10-02 03:20:46.922346117,125.143.174.226,216.187.157.81,18449,8080,4096,357,10,ICMP,ACK,0.17,Normal
2023-10-02 03:02:46.868343417,129.224.219.250,97.248.143.40,56534,25,2048,383,3,ICMP,PATCH,0.63,DDoS
2023-10-01 16:20:04.620231011,186.209.152.71,214.77.195.195,26906,443,256,499,16,ICMP,PUT,0.59,Botnet
2023-10-02 10:25:49.157457872,119.176.130.181,218.239.196.8,36883,445,64,92,6,SCTP,ACK,0.83,Normal
2023-10-01 17:17:06.231311565,111.164.59.226,76.220.178.216,44953,3306,128,103,29,IGMP,GET,0.23,Normal
2023-10-02 06:49:35.548777438,129.208.136.33,216.175.55.23,2243,8081,64,268,20,ICMP,PATCH,0.45,Normal
2023-10-01 15:13:06.819340967,135.32.90.220,1.15.133.65,56879,21,512,99,3,SCTP,ACK,0.86,Normal
2023-10-01 22:31:45.575278763,196.241.39.165,162.178.188.213,54405,21,64,464,3,UDP,SYN,0.18,Normal
2023-10-02 00:12:29.557477873,80.34.138.120,35.32.11.146,42651,21,2048,225,10,TCP,PATCH,0.07,Botnet
2023-10-02 02:12:31.357567878,226.227.142.239,86.248.119.104,2789,143,4096,421,20,UDP,PATCH,0.64,Botnet
2023-10-02 03:46:07.638381919,161.121.77.211,172.216.213.222,32434,22,512,69,26,ICMP,DELETE,0.74,Normal
2023-10-01 12:13:45.161258062,251.93.95.171,228.153.10.18,41998,53,4096,53,29,ICMP,GET,0.58,Normal
2023-10-01 20:09:24.508225411,206.57.44.206,140.143.67.14,1763,445,768,449,29,IGMP,GET,0.71,Botnet
2023-10-02 08:58:33.055652782,248.152.97.228,194.28.226.249,33402,21,768,143,22,TCP,PUT,0.73,Botnet
2023-10-02 08:22:41.588079403,13.185.23.206,106.87.206.72,5025,995,128,257,19,SCTP,GET,0.05,DDoS
2023-10-02 06:20:25.861293064,154.193.41.134,110.206.63.172,53502,3389,768,323,28,TCP,ACK,0.63,Normal
2023-10-02 10:07:23.182159107,119.9.149.229,85.162.97.169,9682,53,1024,353,12,SCTP,DELETE,0.16,Normal
2023-10-01 17:35:49.487474373,163.193.121.156,13.234.147.16,33783,443,1024,315,2,SCTP,PUT,0.92,DDoS
2023-10-01 18:20:53.942697134,100.212.73.112,16.90.87.142,58935,143,64,162,5,UDP,DELETE,0.16,Normal
2023-10-01 20:11:47.075353767,108.174.245.54,235.226.96.217,19939,53,2048,70,6,SCTP,POST,0.65,Normal
2023-10-01 21:49:25.288264413,189.162.150.71,162.180.46.194,50493,143,1024,135,15,ICMP,GET,0.96,Normal
2023-10-02 07:30:59.672983649,54.235.53.100,3.243.123.206,8687,5432,2048,375,21,ICMP,PUT,0.27,Normal
2023-10-01 22:27:56.603830191,234.29.217.219,89.79.35.184,26387,995,512,224,16,TCP,GET,0.75,Botnet
2023-10-01 19:04:57.914895744,238.167.114.204,209.135.112.135,62728,443,4096,319,9,IGMP,POST,0.9,DDoS
2023-10-02 07:30:07.830391519,196.216.12.1,121.188.202.177,58426,139,64,298,8,TCP,DELETE,0.95,DDoS
2023-10-02 01:20:10.560528026,161.98.200.179,221.12.29.104,1110,25,256,281,18,SCTP,PATCH,0.5,Normal
2023-10-02 03:08:58.406920346,74.139.111.247,62.244.5.202,36628,23,512,289,12,TCP,PUT,0.27,Normal
2023-10-01 20:53:24.160208010,139.50.49.252,164.218.192.215,23669,22,768,447,26,IGMP,ACK,0.97,Botnet
2023-10-02 07:15:35.146757337,80.20.117.59,209.144.76.112,28419,445,64,272,8,SCTP,GET,0.94,DDoS
2023-10-02 08:43:08.529426471,207.83.27.80,38.93.249.181,18578,443,1024,156,14,TCP,DELETE,0.26,Normal
2023-10-01 14:45:53.777688884,69.155.40.206,165.77.189.89,2730,995,4096,305,12,SCTP,PUT,0.35,Normal
2023-10-01 17:18:58.556927846,155.59.124.253,192.72.231.84,63656,3389,768,264,24,ICMP,PUT,0.24,Normal
2023-10-01 20:36:15.948797439,106.203.247.165,64.7.232.44,21199,445,64,420,6,UDP,SYN,0.96,DDoS
2023-10-02 02:05:19.335966798,231.214.103.39,15.159.72.68,14215,995,512,357,15,UDP,GET,0.54,Normal
2023-10-01 22:02:40.208010400,25.37.164.122,151.138.129.64,13116,3389,4096,344,14,SCTP,GET,0.95,Botnet
2023-10-02 03:33:18.639931996,7.17.220.85,186.96.196.227,52415,445,768,307,3,TCP,SYN,0.67,DDoS
2023-10-02 10:03:34.210710535,11.33.175.31,201.111.43.54,7696,5432,512,159,26,UDP,DELETE,0.02,Normal
2023-10-02 11:47:49.883494174,41.10.185.225,68.195.100.183,19553,8080,256,183,19,IGMP,GET,0.81,Normal
2023-10-02 00:29:11.847592379,47.168.238.152,177.4.22.235,48615,53,256,121,5,TCP,ACK,0.08,Normal
2023-10-02 08:54:00.882044102,207.64.56.95,231.207.164.217,26502,25,64,245,19,IGMP,PATCH,0.09,Normal
2023-10-02 11:06:04.158207910,117.181.1.173,182.97.153.164,64407,5432,512,298,20,TCP,ACK,0.13,Normal
2023-10-01 15:53:56.381819090,186.35.154.30,209.215.175.109,55494,3306,512,378,16,TCP,PATCH,0.7,Normal
2023-10-02 02:02:43.808190409,110.54.49.228,185.236.243.228,4009,80,2048,352,20,TCP,ACK,0.11,Normal
2023-10-01 19:38:09.534476723,239.4.70.17,172.223.9.196,39089,139,2048,494,11,IGMP,DELETE,0.83,Normal
2023-10-01 21:43:56.951847592,214.12.3.177,183.21.17.106,13424,139,2048,219,16,ICMP,PUT,0.41,Normal
2023-10-01 12:40:40.922046102,190.173.172.34,245.206.31.238,22180,445,256,288,7,UDP,POST,0.79,DDoS
2023-10-02 03:09:28.648432421,81.24.78.111,110.89.180.53,57848,80,64,280,20,ICMP,GET,0.5,Normal
2023-10-01 22:17:08.571428571,175.123.171.248,147.242.139.32,64448,139,512,342,14,ICMP,GET,0.8,Normal
2023-10-02 06:08:02.784139206,102.88.69.169,79.82.179.58,4175,25,1024,166,8,IGMP,ACK,0.42,Normal
2023-10-01 13:44:11.352567628,92.51.171.81,157.76.137.128,47834,3306,128,161,17,IGMP,PUT,0.9,Normal
2023-10-01 16:55:51.767588379,62.125.95.71,110.128.220.222,42780,139,4096,366,11,UDP,DELETE,0.21,Normal
2023-10-02 08:03:23.770188509,46.215.5.101,169.234.163.47,31711,25,4096,210,5,IGMP,POST,0.67,DDoS
2023-10-01 22:19:09.537476873,5.241.31.45,232.26.213.218,28532,23,1024,452,18,ICMP,ACK,0.47,Normal
2023-10-01 18:34:39.103955197,236.192.225.106,57.43.30.59,58368,80,2048,264,12,SCTP,PUT,0.77,Normal
2023-10-02 09:50:36.571828591,101.87.35.142,248.14.25.248,53673,22,2048,129,4,ICMP,SYN,0.8,Botnet
2023-10-01 17:53:23.620181009,50.38.9.77,161.241.44.31,50227,25,1024,474,4,TCP,POST,0.41,Normal
2023-10-02 06:43:54.251712585,102.112.0.180,239.110.189.249,10078,22,128,186,12,ICMP,GET,0.18,Normal
2023-10-02 09:43:15.909795489,156.69.26.251,29.129.31.198,52351,443,2048,163,6,ICMP,DELETE,0.29,DDoS
2023-10-01 14:38:59.036951847,153.180.35.39,203.205.49.0,13643,8080,768,237,13,IGMP,ACK,0.11,Botnet
2023-10-02 06:55:03.885194259,67.28.30.82,145.240.238.217,37277,443,2048,315,4,IGMP,PUT,0.73,DDoS
2023-10-02 09:16:59.030951547,190.245.111.114,16.153.61.24,53759,5432,128,231,21,IGMP,ACK,0.34,Normal
2023-10-02 03:58:39.355967798,197.135.227.132,155.248.35.48,5669,22,1024,443,23,IGMP,POST,0.34,Normal
2023-10-01 18:54:22.843142157,91.94.240.30,31.25.98.49,37553,5432,256,77,8,TCP,GET,0.76,Normal
2023-10-02 06:14:48.884444222,243.159.19.202,64.211.208.110,28461,143,256,60,2,TCP,POST,0.79,Normal
2023-10-02 00:02:24.727236361,127.7.172.198,50.235.217.249,44240,3306,64,313,22,ICMP,PUT,0.01,Normal
2023-10-01 23:43:19.869993499,207.71.72.113,33.158.194.236,65350,110,768,95,24,UDP,GET,0.62,Normal
2023-10-02 06:52:06.756337816,80.185.161.234,208.236.28.45,24963,3389,512,80,27,TCP,PATCH,0.7,Normal
2023-10-02 02:31:23.254162708,10.240.17.185,124.173.253.129,59616,110,512,296,22,UDP,PUT,0.76,Normal
2023-10-02 11:01:01.743087154,172.185.98.6,120.91.223.147,52783,445,2048,382,21,IGMP,PATCH,0.01,DDoS
2023-10-02 07:06:04.878243912,102.1.46.16,85.63.250.94,5940,22,2048,354,29,TCP,PATCH,0.89,Botnet
2023-10-01 13:33:06.039301965,183.158.131.34,59.233.192.63,2397,25,4096,492,26,SCTP,POST,0.32,DDoS
2023-10-02 07:34:57.284864243,188.101.121.211,207.79.113.211,47605,143,1024,299,25,ICMP,DELETE,0.71,Normal
2023-10-02 04:17:09.651482574,200.7.139.54,132.20.35.148,63625,143,2048,236,28,IGMP,DELETE,0.29,Normal
2023-10-02 01:18:48.476423821,2.9.63.221,85.215.10.183,34982,53,768,312,29,IGMP,SYN,0.67,Botnet
2023-10-01 16:09:12.267613380,69.29.141.170,182.111.89.125,11102,443,1024,164,15,TCP,DELETE,0.33,DDoS
2023-10-01 12:34:12.102605130,196.170.113.210,2.69.167.89,53061,5432,64,344,25,ICMP,POST,0.47,Normal
2023-10-02 04:54:40.484024201,50.38.129.7,190.77.0.22,31495,3306,4096,474,9,UDP,DELETE,0.25,Normal
2023-10-02 07:20:59.162958147,11.63.81.242,247.236.177.198,49081,25,64,295,9,SCTP,ACK,0.66,DDoS
2023-10-01 13:41:01.263063153,156.97.29.211,86.167.249.221,28942,80,4096,90,29,SCTP,PUT,0.6,Normal
2023-10-01 20:30:00.090004500,185.211.161.210,236.134.59.156,64745,22,128,184,2,TCP,PUT,0.56,Normal
2023-10-01 18:21:32.824641232,13.135.122.253,1.115.96.191,29911,445,768,163,3,UDP,PATCH,0.38,Normal
2023-10-01 16:31:48.815440772,50.46.61.224,185.112.16.101,17246,21,512,491,1,SCTP,PATCH,0.45,Normal
2023-10-02 03:43:06.189309465,115.249.87.136,215.69.7.220,15289,22,512,132,12,ICMP,PATCH,0.29,Normal
2023-10-02 01:30:15.390769538,11.38.194.158,65.163.238.174,34098,254,512,277,26,ICMP,DELETE,0.96,Botnet
2023-10-01 15:32:46.238311915,200.174.77.35,145.239.170.78,27525,21,1024,91,4,UDP,DELETE,0.71,Botnet
2023-10-01 21:04:29.473473673,196.194.15.120,205.47.43.40,20602,22,2048,71,21,ICMP,PATCH,0.64,Normal
2023-10-01 22:48:14.904745237,52.229.192.111,210.31.217.103,42303,8080,1024,105,11,SCTP,DELETE,0.94,Normal
2023-10-01 19:54:43.184159207,109.23.193.249,181.208.206.23,21726,995,512,458,11,IGMP,DELETE,0.05,Normal
2023-10-01 20:23:52.871643582,157.76.187.218,105.219.95.60,61979,25,1024,395,17,ICMP,POST,0.67,Normal
2023-10-02 00:15:39.646982349,115.209.46.107,92.31.42.248,36992,8080,2048,382,15,ICMP,POST,0.92,Normal
2023-10-02 11:20:23.881194059,168.68.117.58,97.178.163.183,17129,22,256,278,18,IGMP,ACK,0.3,Normal
2023-10-01 19:49:53.729686484,152.53.102.84,183.88.167.101,40039,25,768,314,26,TCP,SYN,0.05,Normal
2023-10-02 07:34:27.043352167,91.17.119.68,71.126.41.169,31313,3306,1024,392,29,ICMP,PATCH,0.55,Normal
2023-10-02 11:30:58.952947647,116.63.184.15,178.124.186.187,34034,995,256,281,24,IGMP,DELETE,0.51,Botnet
2023-10-01 19:32:45.518275913,159.186.139.193,171.233.132.165,35264,8080,4096,357,25,ICMP,SYN,0.06,Normal
2023-10-01 21:04:03.552177608,203.201.27.87,69.115.164.117,14928,995,512,290,21,IGMP,PUT,0.46,Normal
2023-10-01 16:37:51.713585679,35.239.52.61,131.223.190.164,25221,25,768,409,15,ICMP,SYN,0.27,Normal
2023-10-02 04:16:56.690834541,230.234.83.26,80.75.1.247,39877,22,128,365,25,IGMP,POST,0.84,Normal
2023-10-02 07:11:15.933796689,113.13.179.84,195.220.230.237,30767,80,1024,423,12,IGMP,PUT,0.89,Normal
2023-10-02 01:36:26.929346467,121.245.81.173,97.133.245.41,15314,139,2048,149,19,SCTP,SYN,0.78,Normal
2023-10-02 07:23:13.089654482,91.214.211.119,54.29.39.237,62222,3389,2048,323,14,IGMP,ACK,0.94,Botnet
2023-10-02 06:19:03.777188859,158.238.219.181,184.184.98.158,58166,23,512,406,9,ICMP,ACK,0.5,Normal
2023-10-01 20:52:06.396319815,237.96.220.121,91.114.219.236,33852,110,128,241,4,IGMP,GET,0.08,Normal
2023-10-02 11:16:08.988449422,149.151.63.213,81.109.216.229,51354,443,64,188,11,IGMP,PUT,0.46,Normal
2023-10-01 18:49:03.147157357,234.160.212.160,197.168.5.18,14671,139,768,120,1,IGMP,POST,0.9,Normal
2023-10-01 22:05:41.657082854,198.126.184.198,7.84.115.190,59372,3389,64,307,23,ICMP,PUT,0.38,DDoS
2023-10-02 03:51:14.373718685,174.137.199.214,237.169.251.60,53265,443,128,103,14,ICMP,SYN,0.38,Normal
2023-10-01 13:55:08.025401270,49.222.250.237,159.53.161.154,31040,25,256,311,24,IGMP,POST,0.1,DDoS
2023-10-01 19:50:19.650982549,80.221.44.121,145.221.86.90,60385,22,768,153,1,IGMP,PATCH,0.49,Normal
2023-10-01 14:03:37.810890544,231.166.164.33,112.223.236.185,32033,80,512,453,10,TCP,GET,0.74,DDoS
2023-10-02 02:25:59.237961898,132.206.249.61,199.99.46.39,17451,143,1024,179,17,IGMP,POST,0.72,Normal
2023-10-02 06:37:08.151407570,31.98.158.7,132.238.193.23,4829,80,1024,241,1,UDP,GET,0.56,Normal
2023-10-02 05:46:39.679983999,196.66.23.119,19.231.146.9,51171,53,128,263,13,SCTP,ACK,0.67,Normal
2023-10-01 23:45:29.476473823,192.89.44.245,166.24.203.49,31342,443,4096,421,14,TCP,PUT,0.89,Normal
2023-10-02 03:09:45.929296464,10.1.57.164,162.12.206.176,32073,53,64,290,12,ICMP,PATCH,0.31,Normal
2023-10-02 00:21:07.983399169,210.211.105.51,148.56.219.163,20438,8081,4096,223,18,SCTP,DELETE,0.13,Normal
2023-10-01 23:35:37.606880344,30.186.228.141,18.68.2.5,56273,139,512,170,5,IGMP,GET,0.36,Normal
2023-10-01 17:47:33.682684134,24.202.97.139,197.200.72.59,33507,25,768,409,3,ICMP,PUT,0.2,Botnet
2023-10-02 03:43:23.470173508,176.70.30.189,96.177.159.167,63816,143,256,495,8,UDP,PATCH,0.29,Normal
2023-10-02 08:43:21.490074503,65.231.62.229,254.123.114.237,52600,23,64,324,6,SCTP,POST,0.13,DDoS
2023-10-02 02:36:42.950147507,136.170.151.175,125.226.138.121,33321,995,64,68,13,TCP,PUT,0.04,Normal
2023-10-01 20:39:43.319165958,246.237.239.227,236.94.58.111,64186,110,256,212,1,ICMP,DELETE,0.96,DDoS
2023-10-02 09:02:09.066453322,234.16.144.38,196.79.20.64,47314,22,1024,252,17,IGMP,SYN,0.49,Normal
2023-10-02 06:04:35.413770688,29.30.100.246,196.192.223.247,61367,22,768,106,26,TCP,POST,0.44,Normal
2023-10-02 05:23:32.890644532,16.100.164.106,90.147.19.219,37907,3389,1024,266,6,TCP,ACK,0.73,Botnet
2023-10-01 17:52:31.777588879,28.181.240.24,128.148.217.67,60337,995,128,201,20,SCTP,PUT,0.07,Normal
2023-10-01 16:49:27.268363418,38.26.21.253,1.209.1.137,6572,25,256,451,17,UDP,PUT,0.61,DDoS
